
  <record>
    <leader>01000aam  22002601a 4500</leader>
    <controlfield tag="001">YPZ88171</controlfield>
    <controlfield tag="003">YPZ</controlfield>
    <controlfield tag="005">200804141649140</controlfield>
    <controlfield tag="008">080414|###########||||||b||||||||||spa|d</controlfield>
    <datafield tag="020" ind1=" " ind2=" ">
      <subfield code="a">9589181899</subfield>
    </datafield>
    <datafield tag="040" ind1=" " ind2=" ">
      <subfield code="c">SIUNPA</subfield>
    </datafield>
    <datafield tag="041" ind1=" " ind2=" ">
      <subfield code="a">spa</subfield>
    </datafield>
    <datafield tag="044" ind1=" " ind2=" ">
      <subfield code="a">CO</subfield>
    </datafield>
    <datafield tag="080" ind1=" " ind2=" ">
      <subfield code="a">613 J413p2</subfield>
    </datafield>
    <datafield tag="100" ind1=" " ind2=" ">
      <subfield code="a">Jáuregui Reina, Cesar Alberto.</subfield>
    </datafield>
    <datafield tag="700" ind1=" " ind2=" ">
      <subfield code="a">Suárez Chavarro, Paulina.</subfield>
    </datafield>
    <datafield tag="245" ind1=" " ind2=" ">
      <subfield code="a">Promoción de la salud y prevención de la enfermedad</subfield>
      <subfield code="b"> : enfoque en salud familiar</subfield>
      <subfield code="c"> / Riveros, Manuel Alonso Alejo, colaborador ; Arias Zalazar, Javier, colaborador ; Benguigui, Yehuda, colaborador ; Cárdenas López, Hugo, colaborador ; Fajardo Cuadrado, Martha Cecilia, colaborador ; Lago Barney, Gabriel, colaborador ; Montufar Neira, Margarita, colaborador ; Mora Ruiz, Carlos Alberto, colaborador ; Morales R., Fidel Antonio, colaborador ; Parra C., María del Rosario, colaborador ; Peña Aristizábal, Sara Lucía, colaborador ;  Salcedo, Esperanza Velandia, colaborador</subfield>
    </datafield>
    <datafield tag="260" ind1=" " ind2=" ">
      <subfield code="a">Bogotá</subfield>
      <subfield code="b"> : Médica Panamericana</subfield>
      <subfield code="c"> , 2004</subfield>
    </datafield>
    <datafield tag="650" ind1=" " ind2=" ">
      <subfield code="a"> SALUD</subfield>
    </datafield>
    <datafield tag="650" ind1=" " ind2=" ">
      <subfield code="a"> EDUCACION SANITARIA</subfield>
    </datafield>
    <datafield tag="650" ind1=" " ind2=" ">
      <subfield code="a"> PREVENCION DE ACCIDENTES</subfield>
    </datafield>
    <datafield tag="650" ind1=" " ind2=" ">
      <subfield code="a"> CALIDAD DE VIDA</subfield>
    </datafield>
    <datafield tag="650" ind1=" " ind2=" ">
      <subfield code="a"> MEDICINA PREVENTIVA</subfield>
    </datafield>
    <datafield tag="942" ind1=" " ind2=" ">
      <subfield code="c">BK</subfield>
    </datafield>
    <datafield tag="952" ind1=" " ind2=" ">
      <subfield code="a">BIB_RECT</subfield>
      <subfield code="b">BIB_UARG</subfield>
      <subfield code="d">2008-04-10</subfield>
      <subfield code="y">BK</subfield>
      <subfield code="p">05-35123</subfield>
      <subfield code="i">05-35123</subfield>
      <subfield code="g">92.88</subfield>
      <subfield code="o">613 J413p2</subfield>
      <subfield code="e">SIUNPA</subfield>
      <subfield code="8">CG</subfield>
    </datafield>
    <datafield tag="952" ind1=" " ind2=" ">
      <subfield code="a">BIB_RECT</subfield>
      <subfield code="b">BIB_UARG</subfield>
      <subfield code="d">2008-04-10</subfield>
      <subfield code="y">BK</subfield>
      <subfield code="p">05-35124</subfield>
      <subfield code="i">05-35124</subfield>
      <subfield code="g">92.88</subfield>
      <subfield code="o">613 J413p2</subfield>
      <subfield code="e">SIUNPA</subfield>
      <subfield code="8">CG</subfield>
    </datafield>
  </record>