
  <record>
    <leader>01000aam  22002601a 4500</leader>
    <controlfield tag="001">YPZ88185</controlfield>
    <controlfield tag="003">YPZ</controlfield>
    <controlfield tag="005">200804151241320</controlfield>
    <controlfield tag="008">080415|###########||||||b||||||||||spa|d</controlfield>
    <datafield tag="020" ind1=" " ind2=" ">
      <subfield code="a">9788480862356</subfield>
    </datafield>
    <datafield tag="040" ind1=" " ind2=" ">
      <subfield code="c">SIUNPA</subfield>
    </datafield>
    <datafield tag="041" ind1=" " ind2=" ">
      <subfield code="a">spa</subfield>
    </datafield>
    <datafield tag="044" ind1=" " ind2=" ">
      <subfield code="a">ES</subfield>
    </datafield>
    <datafield tag="080" ind1=" " ind2=" ">
      <subfield code="a">611 T427a6</subfield>
    </datafield>
    <datafield tag="100" ind1=" " ind2=" ">
      <subfield code="a">Thibodeau, Gary A..</subfield>
    </datafield>
    <datafield tag="700" ind1=" " ind2=" ">
      <subfield code="a">Patton, Kevin T..</subfield>
    </datafield>
    <datafield tag="245" ind1=" " ind2=" ">
      <subfield code="a">Anatomía y fisiología</subfield>
      <subfield code="b"> : Sexta edición</subfield>
      <subfield code="c"> / Fernández Aceñero, María Jesús, rev. ; Diorki Servicios Integrales de Edición, tr. y producción editorial</subfield>
    </datafield>
    <datafield tag="260" ind1=" " ind2=" ">
      <subfield code="a">Madrid</subfield>
      <subfield code="b"> : Elsevier</subfield>
      <subfield code="c"> , 2007</subfield>
    </datafield>
    <datafield tag="500" ind1=" " ind2=" ">
      <subfield code="a">Con 14 transparencias en color intercaladas entre cap. 1 y 2</subfield>
    </datafield>
    <datafield tag="650" ind1=" " ind2=" ">
      <subfield code="a"> ANATOMIA  REPRODUCCION (FISIOLOGIA)</subfield>
    </datafield>
    <datafield tag="650" ind1=" " ind2=" ">
      <subfield code="a"> FISIOLOGIA HUMANA </subfield>
    </datafield>
    <datafield tag="650" ind1=" " ind2=" ">
      <subfield code="a"> APARATO DIGESTIVO</subfield>
    </datafield>
    <datafield tag="650" ind1=" " ind2=" ">
      <subfield code="a"> SISTEMA NERVIOSO</subfield>
    </datafield>
    <datafield tag="650" ind1=" " ind2=" ">
      <subfield code="a"> SISTEMA CARDIOVASCULAR</subfield>
    </datafield>
    <datafield tag="650" ind1=" " ind2=" ">
      <subfield code="a"> APARATO RESPIRATORIO</subfield>
    </datafield>
    <datafield tag="942" ind1=" " ind2=" ">
      <subfield code="c">BK</subfield>
    </datafield>
    <datafield tag="952" ind1=" " ind2=" ">
      <subfield code="a">BIB_RECT</subfield>
      <subfield code="b">BIB_UASJ</subfield>
      <subfield code="d">2013-02-04</subfield>
      <subfield code="y">BK</subfield>
      <subfield code="p">04-43718</subfield>
      <subfield code="i">04-43718</subfield>
      <subfield code="g">791.8</subfield>
      <subfield code="o">611 T427a6</subfield>
      <subfield code="e">Compra SIUNPA</subfield>
      <subfield code="8">CG</subfield>
    </datafield>
    <datafield tag="952" ind1=" " ind2=" ">
      <subfield code="a">BIB_RECT</subfield>
      <subfield code="b">BIB_UARG</subfield>
      <subfield code="d">2008-04-10</subfield>
      <subfield code="y">BK</subfield>
      <subfield code="p">05-35101</subfield>
      <subfield code="i">05-35101</subfield>
      <subfield code="g">378.4</subfield>
      <subfield code="o">611 T427a6</subfield>
      <subfield code="e">SIUNPA</subfield>
      <subfield code="8">CG</subfield>
    </datafield>
    <datafield tag="952" ind1=" " ind2=" ">
      <subfield code="a">BIB_RECT</subfield>
      <subfield code="b">BIB_UARG</subfield>
      <subfield code="d">2008-04-10</subfield>
      <subfield code="y">BK</subfield>
      <subfield code="p">05-35102</subfield>
      <subfield code="i">05-35102</subfield>
      <subfield code="g">378.4</subfield>
      <subfield code="o">611 T427a6</subfield>
      <subfield code="e">SIUNPA</subfield>
      <subfield code="8">CG</subfield>
    </datafield>
    <datafield tag="952" ind1=" " ind2=" ">
      <subfield code="a">BIB_RECT</subfield>
      <subfield code="b">BIB_UARG</subfield>
      <subfield code="d">2008-04-10</subfield>
      <subfield code="y">BK</subfield>
      <subfield code="p">05-35103</subfield>
      <subfield code="i">05-35103</subfield>
      <subfield code="g">378.4</subfield>
      <subfield code="o">611 T427a6</subfield>
      <subfield code="e">SIUNPA</subfield>
      <subfield code="8">CG</subfield>
    </datafield>
    <datafield tag="952" ind1=" " ind2=" ">
      <subfield code="a">BIB_RECT</subfield>
      <subfield code="b">SAT_PBNA</subfield>
      <subfield code="d">2013-02-04</subfield>
      <subfield code="y">BK</subfield>
      <subfield code="p">11-43696</subfield>
      <subfield code="i">11-43696</subfield>
      <subfield code="g">791.8</subfield>
      <subfield code="o">611 T427a6</subfield>
      <subfield code="e">Compra SIUNPA</subfield>
      <subfield code="8">CG</subfield>
    </datafield>
    <datafield tag="952" ind1=" " ind2=" ">
      <subfield code="a">BIB_RECT</subfield>
      <subfield code="b">SAT_GREG</subfield>
      <subfield code="d">2013-02-04</subfield>
      <subfield code="y">BK</subfield>
      <subfield code="p">18-43699</subfield>
      <subfield code="i">18-43699</subfield>
      <subfield code="g">791.8</subfield>
      <subfield code="o">611 T427a6</subfield>
      <subfield code="e">Compra SIUNPA</subfield>
      <subfield code="8">CG</subfield>
    </datafield>
  </record>