
  <record>
    <leader>01000aam  22002601a 4500</leader>
    <controlfield tag="001">YPZ88276</controlfield>
    <controlfield tag="003">YPZ</controlfield>
    <controlfield tag="005">200804171441240</controlfield>
    <controlfield tag="008">080417|###########||||||b||||||||||spa|d</controlfield>
    <datafield tag="020" ind1=" " ind2=" ">
      <subfield code="a">9505810050</subfield>
    </datafield>
    <datafield tag="040" ind1=" " ind2=" ">
      <subfield code="c">SIUNPA</subfield>
    </datafield>
    <datafield tag="041" ind1=" " ind2=" ">
      <subfield code="a">spa</subfield>
    </datafield>
    <datafield tag="044" ind1=" " ind2=" ">
      <subfield code="a">AR</subfield>
    </datafield>
    <datafield tag="080" ind1=" " ind2=" ">
      <subfield code="a">821.134.2 M285c</subfield>
    </datafield>
    <datafield tag="100" ind1=" " ind2=" ">
      <subfield code="a">Manrique, Jorge.</subfield>
    </datafield>
    <datafield tag="240" ind1=" " ind2=" ">
      <subfield code="a">Coplas a la muerte de su padre</subfield>
    </datafield>
    <datafield tag="245" ind1=" " ind2=" ">
      <subfield code="a">Coplas a la muerte del maestre de Santiago, don Rodrigo Manrique, su padre</subfield>
      <subfield code="c"> / Córdoba, María del Carmen, introd., notas y propuestas de trabajo ;  ; Quiroga, Graciela N. de, introd., notas y propuestas de trabajo ; Tevere, María Luisa A. de, introd., notas y propuestas de trabajo ; </subfield>
    </datafield>
    <datafield tag="250" ind1=" " ind2=" ">
      <subfield code="a">1a ed., 7a. reimpr.</subfield>
    </datafield>
    <datafield tag="260" ind1=" " ind2=" ">
      <subfield code="a">Buenos Aires</subfield>
      <subfield code="b"> : Colihue</subfield>
      <subfield code="c"> , 1995</subfield>
    </datafield>
    <datafield tag="440" ind1=" " ind2=" ">
      <subfield code="a">Colección literaria LyC (leer y crear)</subfield>
      <subfield code="v">5</subfield>
    </datafield>
    <datafield tag="490" ind1=" " ind2=" ">
      <subfield code="a">Colección literaria LyC (leer y crear)</subfield>
      <subfield code="v">5</subfield>
    </datafield>
    <datafield tag="650" ind1=" " ind2=" ">
      <subfield code="a"> LITERATURA ESPAÑOLA</subfield>
    </datafield>
    <datafield tag="650" ind1=" " ind2=" ">
      <subfield code="a"> POESIA</subfield>
    </datafield>
    <datafield tag="942" ind1=" " ind2=" ">
      <subfield code="c">BK</subfield>
    </datafield>
    <datafield tag="952" ind1=" " ind2=" ">
      <subfield code="a">BIB_RECT</subfield>
      <subfield code="b">BIB_UARG</subfield>
      <subfield code="d">2008-04-17</subfield>
      <subfield code="y">BK</subfield>
      <subfield code="p">05-16335</subfield>
      <subfield code="i">05-16335</subfield>
      <subfield code="g">15</subfield>
      <subfield code="o">821.134.2 M285c</subfield>
      <subfield code="e">FOMEC585</subfield>
      <subfield code="8">CG</subfield>
    </datafield>
    <datafield tag="952" ind1=" " ind2=" ">
      <subfield code="a">BIB_RECT</subfield>
      <subfield code="b">BIB_UARG</subfield>
      <subfield code="d">2008-04-17</subfield>
      <subfield code="y">BK</subfield>
      <subfield code="p">05-16336</subfield>
      <subfield code="i">05-16336</subfield>
      <subfield code="g">15</subfield>
      <subfield code="o">821.134.2 M285c</subfield>
      <subfield code="e">FOMEC 585</subfield>
      <subfield code="8">CG</subfield>
    </datafield>
    <datafield tag="952" ind1=" " ind2=" ">
      <subfield code="a">BIB_RECT</subfield>
      <subfield code="b">BIB_UARG</subfield>
      <subfield code="d">2008-04-17</subfield>
      <subfield code="y">BK</subfield>
      <subfield code="p">05-16337</subfield>
      <subfield code="i">05-16337</subfield>
      <subfield code="g">15</subfield>
      <subfield code="o">821.134.2 M285c</subfield>
      <subfield code="e">FOMEC 585</subfield>
      <subfield code="8">CG</subfield>
    </datafield>
    <datafield tag="952" ind1=" " ind2=" ">
      <subfield code="a">BIB_RECT</subfield>
      <subfield code="b">BIB_UARG</subfield>
      <subfield code="d">2008-04-17</subfield>
      <subfield code="y">BK</subfield>
      <subfield code="p">05-16338</subfield>
      <subfield code="i">05-16338</subfield>
      <subfield code="g">15</subfield>
      <subfield code="o">821.134.2 M285c</subfield>
      <subfield code="e">FOMEC 585</subfield>
      <subfield code="8">CG</subfield>
    </datafield>
  </record>