
  <record>
    <leader>01000aam  22002601a 4500</leader>
    <controlfield tag="001">YPZ88339</controlfield>
    <controlfield tag="003">YPZ</controlfield>
    <controlfield tag="005">200804211621230</controlfield>
    <controlfield tag="008">080421|###########||||||b||||||||||spa|d</controlfield>
    <datafield tag="020" ind1=" " ind2=" ">
      <subfield code="a">8437011507</subfield>
    </datafield>
    <datafield tag="040" ind1=" " ind2=" ">
      <subfield code="c">SIUNPA</subfield>
    </datafield>
    <datafield tag="041" ind1=" " ind2=" ">
      <subfield code="a">spa</subfield>
    </datafield>
    <datafield tag="044" ind1=" " ind2=" ">
      <subfield code="a">ES</subfield>
    </datafield>
    <datafield tag="080" ind1=" " ind2=" ">
      <subfield code="a">821.134.2 F385n</subfield>
    </datafield>
    <datafield tag="100" ind1=" " ind2=" ">
      <subfield code="a">Ferrer Valls, Teresa.</subfield>
    </datafield>
    <datafield tag="245" ind1=" " ind2=" ">
      <subfield code="a">Nobleza y espectáculo teatral (1535-1622)</subfield>
      <subfield code="b"> : estudio y documentos</subfield>
    </datafield>
    <datafield tag="260" ind1=" " ind2=" ">
      <subfield code="a">Madrid</subfield>
      <subfield code="a">Valencia</subfield>
      <subfield code="a">Sevilla</subfield>
      <subfield code="b"> : Universidad Nacional de Educación a Distancia, UNED</subfield>
      <subfield code="b"> : Universidad de Sevilla</subfield>
      <subfield code="b"> : Universitat de València</subfield>
      <subfield code="c"> , 1993</subfield>
    </datafield>
    <datafield tag="440" ind1=" " ind2=" ">
      <subfield code="a">Col·lecció oberta. Serie textos teatrales hispánicos del siglo XVI</subfield>
      <subfield code="v">1</subfield>
    </datafield>
    <datafield tag="490" ind1=" " ind2=" ">
      <subfield code="a">Col·lecció oberta. Serie textos teatrales hispánicos del siglo XVI</subfield>
      <subfield code="v">1</subfield>
    </datafield>
    <datafield tag="650" ind1=" " ind2=" ">
      <subfield code="a"> LITERATURA ESPAÑOLA</subfield>
    </datafield>
    <datafield tag="650" ind1=" " ind2=" ">
      <subfield code="a"> TEATRO ESPAÑOL</subfield>
    </datafield>
    <datafield tag="942" ind1=" " ind2=" ">
      <subfield code="c">BK</subfield>
    </datafield>
    <datafield tag="952" ind1=" " ind2=" ">
      <subfield code="a">BIB_RECT</subfield>
      <subfield code="b">BIB_UACO</subfield>
      <subfield code="d">2008-10-10</subfield>
      <subfield code="y">BK</subfield>
      <subfield code="p">02-02967</subfield>
      <subfield code="i">02-02967</subfield>
      <subfield code="g">25</subfield>
      <subfield code="o">821.134.2 F385n</subfield>
      <subfield code="e">Desconocido</subfield>
      <subfield code="8">CG</subfield>
    </datafield>
    <datafield tag="952" ind1=" " ind2=" ">
      <subfield code="a">BIB_RECT</subfield>
      <subfield code="b">BIB_UARG</subfield>
      <subfield code="d">2008-04-21</subfield>
      <subfield code="y">BK</subfield>
      <subfield code="p">05-09932</subfield>
      <subfield code="i">05-09932</subfield>
      <subfield code="g">18</subfield>
      <subfield code="o">821.134.2 F385n</subfield>
      <subfield code="e">Migración UARG</subfield>
      <subfield code="8">CG</subfield>
    </datafield>
    <datafield tag="952" ind1=" " ind2=" ">
      <subfield code="a">BIB_RECT</subfield>
      <subfield code="b">BIB_UARG</subfield>
      <subfield code="d">2008-04-21</subfield>
      <subfield code="y">BK</subfield>
      <subfield code="p">05-09933</subfield>
      <subfield code="i">05-09933</subfield>
      <subfield code="g">18</subfield>
      <subfield code="o">821.134.2 F385n</subfield>
      <subfield code="e">Migración UARG</subfield>
      <subfield code="8">CG</subfield>
    </datafield>
  </record>