
  <record>
    <leader>01000aam  22002601a 4500</leader>
    <controlfield tag="001">YPZ88349</controlfield>
    <controlfield tag="003">YPZ</controlfield>
    <controlfield tag="005">200804221202290</controlfield>
    <controlfield tag="008">080422|###########||||||b||||||||||spa|d</controlfield>
    <datafield tag="040" ind1=" " ind2=" ">
      <subfield code="c">SIUNPA</subfield>
    </datafield>
    <datafield tag="041" ind1=" " ind2=" ">
      <subfield code="a">spa</subfield>
    </datafield>
    <datafield tag="044" ind1=" " ind2=" ">
      <subfield code="a">AR</subfield>
    </datafield>
    <datafield tag="080" ind1=" " ind2=" ">
      <subfield code="a">159.925.6 H774r</subfield>
    </datafield>
    <datafield tag="100" ind1=" " ind2=" ">
      <subfield code="a">Honroth, Curt Augusto.</subfield>
    </datafield>
    <datafield tag="700" ind1=" " ind2=" ">
      <subfield code="a">Zarza, Angel.</subfield>
    </datafield>
    <datafield tag="245" ind1=" " ind2=" ">
      <subfield code="a">Ritmología grafológica aplicada</subfield>
      <subfield code="b"> : test gestáltico grafoescritural (TG2)</subfield>
    </datafield>
    <datafield tag="260" ind1=" " ind2=" ">
      <subfield code="a">Buenos Aires</subfield>
      <subfield code="b"> : Troquel</subfield>
      <subfield code="c"> , 1964</subfield>
    </datafield>
    <datafield tag="300" ind1=" " ind2=" ">
      <subfield code="a">xvi, 678 p. : </subfield>
      <subfield code="b">il. ; </subfield>
      <subfield code="a">xix, 728 p. : </subfield>
      <subfield code="b">il. ; </subfield>
      <subfield code="a">xii, 267 p. : </subfield>
      <subfield code="b">il. ; </subfield>
      <subfield code="a">xxiv, 321 p. : </subfield>
      <subfield code="b">cuadros ; </subfield>
      <subfield code="a">xix, 647 p. : </subfield>
      <subfield code="b">il. ; </subfield>
      <subfield code="a">165 p. : </subfield>
      <subfield code="a">169 p. : </subfield>
      <subfield code="a">92 p. : </subfield>
      <subfield code="a">44, [12] p. : </subfield>
      <subfield code="b">il. ; </subfield>
      <subfield code="a">ix, 315 p. : </subfield>
      <subfield code="b">il. ; </subfield>
      <subfield code="a">342 p. : </subfield>
      <subfield code="a">543 p. : </subfield>
      <subfield code="a">77 p. : </subfield>
      <subfield code="a">65 p. : </subfield>
      <subfield code="a">199 p. : </subfield>
      <subfield code="a">124  p. : </subfield>
      <subfield code="a">155  p. : </subfield>
      <subfield code="a">xxi, 468 p. : </subfield>
      <subfield code="b">il. ; </subfield>
      <subfield code="a">190  p. : </subfield>
      <subfield code="a">120  p. : </subfield>
      <subfield code="a">127 p. : </subfield>
      <subfield code="a">254 p. : </subfield>
      <subfield code="a">195 p. : </subfield>
      <subfield code="b">il. ; </subfield>
      <subfield code="a">163  p. : </subfield>
      <subfield code="a">157 p. : </subfield>
      <subfield code="a">141 P. : </subfield>
      <subfield code="b">cuadros ; </subfield>
      <subfield code="a">66 p. : </subfield>
      <subfield code="a">74 p. : </subfield>
      <subfield code="a">76 p. : </subfield>
      <subfield code="a">xxviii, 959 p. : </subfield>
      <subfield code="b">il. ; </subfield>
      <subfield code="a">xviii, 266 p. : </subfield>
      <subfield code="b">il. ; </subfield>
      <subfield code="a">xv, 1272 p., [14] h. de láms. : </subfield>
      <subfield code="b">il. ; </subfield>
      <subfield code="a">91 p. : </subfield>
      <subfield code="a">104 p. : </subfield>
      <subfield code="a">64 p. : </subfield>
      <subfield code="a">78 p. : </subfield>
      <subfield code="a">89 p. : </subfield>
      <subfield code="a">165 p. : </subfield>
      <subfield code="a">306 p. : </subfield>
      <subfield code="a">254 p. : </subfield>
      <subfield code="a">xix, 562 p. : </subfield>
      <subfield code="b">il. ; </subfield>
      <subfield code="a">2 v. : </subfield>
      <subfield code="b">il. ; </subfield>
      <subfield code="a">336 p. : </subfield>
      <subfield code="a">xxviii, [2167] p. en varias paginaciones : </subfield>
      <subfield code="b">il. ; </subfield>
      <subfield code="a">270 p. : </subfield>
      <subfield code="b">cuadros ; </subfield>
      <subfield code="a">148 p. : </subfield>
      <subfield code="a">150 p. : </subfield>
      <subfield code="a">xx, 947 p, : </subfield>
      <subfield code="b">il. ; </subfield>
      <subfield code="a">154 p. : </subfield>
      <subfield code="a">202 p. : </subfield>
      <subfield code="a">303 p. : </subfield>
      <subfield code="b">il. ; </subfield>
      <subfield code="a">157 p. : </subfield>
      <subfield code="a">164 p. : </subfield>
      <subfield code="a">142 p. : </subfield>
      <subfield code="a">329 p. : </subfield>
      <subfield code="a">252 p. : </subfield>
      <subfield code="a">151 p. : </subfield>
      <subfield code="a">153 p. : </subfield>
      <subfield code="a">118 p. : </subfield>
      <subfield code="a">xlvi, 254 p. : </subfield>
      <subfield code="a">154 p. : </subfield>
      <subfield code="a">238 p. : </subfield>
      <subfield code="b">il. ; </subfield>
      <subfield code="a">155 p. : </subfield>
      <subfield code="a">184 p. : </subfield>
      <subfield code="a">561 p. : </subfield>
      <subfield code="a">140 p. : </subfield>
      <subfield code="a">127 p. : </subfield>
      <subfield code="a">273 p. : </subfield>
      <subfield code="b">il. ; </subfield>
      <subfield code="a">310 p. : </subfield>
      <subfield code="a">366 p. : </subfield>
      <subfield code="a">289 p. : </subfield>
      <subfield code="a">lxxxvi, 297 p. : </subfield>
      <subfield code="a">436 p. : </subfield>
      <subfield code="a">175 P. : </subfield>
      <subfield code="a">127 p. : </subfield>
      <subfield code="a">110 p. : </subfield>
      <subfield code="a">221 p. : </subfield>
      <subfield code="b">il. ; </subfield>
      <subfield code="a">v. : </subfield>
      <subfield code="a">v. : </subfield>
      <subfield code="a">111 p. : </subfield>
      <subfield code="a">125 p. : </subfield>
      <subfield code="a">125 p. : </subfield>
      <subfield code="a">117 p. : </subfield>
      <subfield code="a">153 p. : </subfield>
      <subfield code="a">299 p : </subfield>
      <subfield code="a">186 p. : </subfield>
      <subfield code="a">205 p. : </subfield>
      <subfield code="a">139 p. : </subfield>
      <subfield code="a">270 p. : </subfield>
      <subfield code="a">109 p. : </subfield>
      <subfield code="a">63 p. : </subfield>
      <subfield code="a">176 p. : </subfield>
      <subfield code="a">116 p. : </subfield>
      <subfield code="a">187 p. : </subfield>
      <subfield code="a">86 p. : </subfield>
      <subfield code="a">401 p. : </subfield>
      <subfield code="a">137 p. : </subfield>
      <subfield code="a">119 p. : </subfield>
      <subfield code="b">il. ; </subfield>
      <subfield code="a">135 p. : </subfield>
      <subfield code="a">191 p. : </subfield>
      <subfield code="a">182 p. : </subfield>
      <subfield code="a">2 v. : </subfield>
      <subfield code="a">2 v. : </subfield>
      <subfield code="a">170 p. : </subfield>
      <subfield code="a">115 p. : </subfield>
      <subfield code="a">142 p. : </subfield>
      <subfield code="a">142 p. : </subfield>
      <subfield code="a">197 p. : </subfield>
      <subfield code="a">141 p. : </subfield>
      <subfield code="a">127 p. : </subfield>
      <subfield code="a">216 p. : </subfield>
      <subfield code="a">31 p. : </subfield>
      <subfield code="b">il. ; </subfield>
      <subfield code="a">31 p. : </subfield>
      <subfield code="b">il. ; </subfield>
      <subfield code="a">31 p. : </subfield>
      <subfield code="b">il. ; </subfield>
      <subfield code="a">31 p. : </subfield>
      <subfield code="b">il. ; </subfield>
      <subfield code="a">159 p. : </subfield>
      <subfield code="a">105 p. : </subfield>
      <subfield code="a">105 p. : </subfield>
      <subfield code="a">167 p. : </subfield>
      <subfield code="a">65 p. : </subfield>
      <subfield code="a">440 p. : </subfield>
      <subfield code="a">303 p. : </subfield>
      <subfield code="a">102 p. : </subfield>
      <subfield code="b">il. ; </subfield>
      <subfield code="a">137 p. : </subfield>
      <subfield code="a">330 p. : </subfield>
      <subfield code="a">152 p. : </subfield>
      <subfield code="a">210 p. : </subfield>
      <subfield code="a">158 p. : </subfield>
      <subfield code="a">236 p. : </subfield>
      <subfield code="a">149 p. : </subfield>
      <subfield code="a">161 p. : </subfield>
      <subfield code="a">187 p. : </subfield>
      <subfield code="a">300 p. : </subfield>
      <subfield code="a">255 p. : </subfield>
      <subfield code="a">262 p. : </subfield>
      <subfield code="b">il. ; </subfield>
      <subfield code="a">267 p. : </subfield>
      <subfield code="a">138 p. : </subfield>
      <subfield code="a">v. : </subfield>
      <subfield code="b">il. ; </subfield>
      <subfield code="a">xxxv, 51 p. : </subfield>
      <subfield code="a">282 p. : </subfield>
      <subfield code="a">44 p. : </subfield>
      <subfield code="a">211 p. : </subfield>
      <subfield code="a">315 p. : </subfield>
      <subfield code="a">xxxv, 233 p. : </subfield>
      <subfield code="a">300 p. : </subfield>
      <subfield code="a">111 p. : </subfield>
      <subfield code="a">157 p. : </subfield>
      <subfield code="a">108 p. : </subfield>
      <subfield code="a">253 p. : </subfield>
      <subfield code="a">220 p. : </subfield>
      <subfield code="a">204 p. : </subfield>
      <subfield code="a">95 p. : </subfield>
      <subfield code="a">211 p. : </subfield>
      <subfield code="a">79 p. : </subfield>
      <subfield code="a">226 p. : </subfield>
      <subfield code="a">xlix, 784 p. : </subfield>
      <subfield code="a">70 p. : </subfield>
      <subfield code="a">146 p. : </subfield>
      <subfield code="a">329 p. : </subfield>
      <subfield code="a">424 p. : </subfield>
      <subfield code="a">190 p. : </subfield>
      <subfield code="a">157 p. : </subfield>
      <subfield code="b">il. ; </subfield>
      <subfield code="a">84 p. : </subfield>
      <subfield code="a">275 p. : </subfield>
      <subfield code="a">280 p. : </subfield>
      <subfield code="a">225 p. : </subfield>
      <subfield code="b">il. ; </subfield>
      <subfield code="a">346 p. : </subfield>
      <subfield code="a">xxxix, 249 p. : </subfield>
      <subfield code="a">116 p. : </subfield>
      <subfield code="a">369 p. : </subfield>
      <subfield code="a">139 p. : </subfield>
      <subfield code="a">331 p. : </subfield>
      <subfield code="a">362 p. : </subfield>
      <subfield code="a">117 p. : </subfield>
      <subfield code="a">117 p. : </subfield>
      <subfield code="a">199 p. : </subfield>
      <subfield code="a">199 p. : </subfield>
      <subfield code="b">il. ; </subfield>
      <subfield code="a">432 p. : </subfield>
      <subfield code="b">il. ; </subfield>
      <subfield code="a">176 p. : </subfield>
      <subfield code="a">374 p. : </subfield>
      <subfield code="a">398  p. : </subfield>
      <subfield code="a">392  p. : </subfield>
      <subfield code="a">179 p. : </subfield>
      <subfield code="b">il. ; </subfield>
      <subfield code="a">xi, 1152 p. : </subfield>
      <subfield code="a">xv, 1800 p. : </subfield>
      <subfield code="b">il. ; </subfield>
      <subfield code="a">xvi, 469 p. : </subfield>
      <subfield code="b">il. ; </subfield>
      <subfield code="a">228 p. : </subfield>
      <subfield code="a">286 p. : </subfield>
      <subfield code="b">il. ; </subfield>
      <subfield code="a">xxv, 305 p. : </subfield>
      <subfield code="b">il. ; </subfield>
      <subfield code="a">2 v. : </subfield>
      <subfield code="a">147 p. : </subfield>
      <subfield code="b">il. ; </subfield>
      <subfield code="e">1 folleto (9 h.)</subfield>
    </datafield>
    <datafield tag="650" ind1=" " ind2=" ">
      <subfield code="a"> GRAFOLOGIA</subfield>
    </datafield>
    <datafield tag="650" ind1=" " ind2=" ">
      <subfield code="a"> ESCRITURA</subfield>
    </datafield>
    <datafield tag="650" ind1=" " ind2=" ">
      <subfield code="a"> DISLEXIA </subfield>
    </datafield>
    <datafield tag="650" ind1=" " ind2=" ">
      <subfield code="a"> TESTS DE PERSONALIDAD</subfield>
    </datafield>
    <datafield tag="650" ind1=" " ind2=" ">
      <subfield code="a"> RASGOS DE PERSONALIDAD</subfield>
    </datafield>
    <datafield tag="650" ind1=" " ind2=" ">
      <subfield code="a"> TECNICAS PROYECTIVAS</subfield>
    </datafield>
    <datafield tag="942" ind1=" " ind2=" ">
      <subfield code="c">BK</subfield>
    </datafield>
    <datafield tag="952" ind1=" " ind2=" ">
      <subfield code="a">BIB_RECT</subfield>
      <subfield code="b">BIB_UARG</subfield>
      <subfield code="d">2008-04-22</subfield>
      <subfield code="y">BK</subfield>
      <subfield code="p">05-05460</subfield>
      <subfield code="i">05-05460</subfield>
      <subfield code="g">22</subfield>
      <subfield code="o">159.925.6 H774r</subfield>
      <subfield code="e">Desconocido</subfield>
      <subfield code="8">CG</subfield>
    </datafield>
  </record>