
  <record>
    <leader>01000aam  22002601a 4500</leader>
    <controlfield tag="001">YPZ88352</controlfield>
    <controlfield tag="003">YPZ</controlfield>
    <controlfield tag="005">200804221408510</controlfield>
    <controlfield tag="008">080422|###########||||||b||||||||||spa|d</controlfield>
    <datafield tag="020" ind1=" " ind2=" ">
      <subfield code="a">9500353121 (t.1)</subfield>
    </datafield>
    <datafield tag="020" ind1=" " ind2=" ">
      <subfield code="a">9500353134 (t.2)</subfield>
    </datafield>
    <datafield tag="020" ind1=" " ind2=" ">
      <subfield code="a">9500353156 (t.3)</subfield>
    </datafield>
    <datafield tag="020" ind1=" " ind2=" ">
      <subfield code="a">9500353148 (o.c.)</subfield>
    </datafield>
    <datafield tag="040" ind1=" " ind2=" ">
      <subfield code="c">SIUNPA</subfield>
    </datafield>
    <datafield tag="041" ind1=" " ind2=" ">
      <subfield code="a">spa</subfield>
    </datafield>
    <datafield tag="044" ind1=" " ind2=" ">
      <subfield code="a">AR</subfield>
    </datafield>
    <datafield tag="080" ind1=" " ind2=" ">
      <subfield code="a">821.134.2(83) N454o</subfield>
    </datafield>
    <datafield tag="100" ind1=" " ind2=" ">
      <subfield code="a">Neruda, Pablo, seud..</subfield>
    </datafield>
    <datafield tag="700" ind1=" " ind2=" ">
      <subfield code="a">Reyes Basoalto, Neftalí Ricardo Eliecer.</subfield>
    </datafield>
    <datafield tag="240" ind1=" " ind2=" ">
      <subfield code="a">[Obras]</subfield>
    </datafield>
    <datafield tag="245" ind1=" " ind2=" ">
      <subfield code="a">Obras</subfield>
    </datafield>
    <datafield tag="250" ind1=" " ind2=" ">
      <subfield code="a">5a y 6a ed.</subfield>
    </datafield>
    <datafield tag="260" ind1=" " ind2=" ">
      <subfield code="a">Buenos Aires</subfield>
      <subfield code="b"> : Losada</subfield>
      <subfield code="c"> , 1993, 1999</subfield>
    </datafield>
    <datafield tag="650" ind1=" " ind2=" ">
      <subfield code="a"> LITERATURA CHILENA</subfield>
    </datafield>
    <datafield tag="650" ind1=" " ind2=" ">
      <subfield code="a"> POESIA</subfield>
    </datafield>
    <datafield tag="942" ind1=" " ind2=" ">
      <subfield code="c">BK</subfield>
    </datafield>
    <datafield tag="952" ind1=" " ind2=" ">
      <subfield code="a">BIB_RECT</subfield>
      <subfield code="b">BIB_UARG</subfield>
      <subfield code="d">2008-04-22</subfield>
      <subfield code="y">BK</subfield>
      <subfield code="p">05-12847</subfield>
      <subfield code="i">05-12847</subfield>
      <subfield code="g">69</subfield>
      <subfield code="o">821.134.2(83) N454o</subfield>
      <subfield code="e">FOMEC 578</subfield>
      <subfield code="8">CG</subfield>
    </datafield>
    <datafield tag="952" ind1=" " ind2=" ">
      <subfield code="a">BIB_RECT</subfield>
      <subfield code="b">BIB_UARG</subfield>
      <subfield code="d">2008-04-22</subfield>
      <subfield code="y">BK</subfield>
      <subfield code="p">05-12918</subfield>
      <subfield code="i">05-12918</subfield>
      <subfield code="g">69</subfield>
      <subfield code="o">821.134.2(83) N454o</subfield>
      <subfield code="e">Fomec 578</subfield>
      <subfield code="8">CG</subfield>
    </datafield>
    <datafield tag="952" ind1=" " ind2=" ">
      <subfield code="a">BIB_RECT</subfield>
      <subfield code="b">BIB_UARG</subfield>
      <subfield code="d">2008-04-22</subfield>
      <subfield code="y">BK</subfield>
      <subfield code="p">05-12919</subfield>
      <subfield code="i">05-12919</subfield>
      <subfield code="g">69</subfield>
      <subfield code="o">821.134.2(83) N454o</subfield>
      <subfield code="e">FOMEC 578</subfield>
      <subfield code="8">CG</subfield>
    </datafield>
    <datafield tag="952" ind1=" " ind2=" ">
      <subfield code="a">BIB_RECT</subfield>
      <subfield code="b">BIB_UARG</subfield>
      <subfield code="d">2008-04-22</subfield>
      <subfield code="y">BK</subfield>
      <subfield code="p">05-13069</subfield>
      <subfield code="i">05-13069</subfield>
      <subfield code="g">69</subfield>
      <subfield code="o">821.134.2(83) N454o</subfield>
      <subfield code="e">FOMEC 578</subfield>
      <subfield code="8">CG</subfield>
    </datafield>
    <datafield tag="952" ind1=" " ind2=" ">
      <subfield code="a">BIB_RECT</subfield>
      <subfield code="b">BIB_UARG</subfield>
      <subfield code="d">2008-04-22</subfield>
      <subfield code="y">BK</subfield>
      <subfield code="p">05-13073</subfield>
      <subfield code="i">05-13073</subfield>
      <subfield code="g">69</subfield>
      <subfield code="o">821.134.2(83) N454o</subfield>
      <subfield code="e">FOMEC578</subfield>
      <subfield code="8">CG</subfield>
    </datafield>
    <datafield tag="952" ind1=" " ind2=" ">
      <subfield code="a">BIB_RECT</subfield>
      <subfield code="b">BIB_UARG</subfield>
      <subfield code="d">2008-04-22</subfield>
      <subfield code="y">BK</subfield>
      <subfield code="p">05-13074</subfield>
      <subfield code="i">05-13074</subfield>
      <subfield code="g">69</subfield>
      <subfield code="o">821.134.2(83) N454o</subfield>
      <subfield code="e">Fomec 578</subfield>
      <subfield code="8">CG</subfield>
    </datafield>
    <datafield tag="952" ind1=" " ind2=" ">
      <subfield code="a">BIB_RECT</subfield>
      <subfield code="b">BIB_UARG</subfield>
      <subfield code="d">2008-04-22</subfield>
      <subfield code="y">BK</subfield>
      <subfield code="p">05-13201</subfield>
      <subfield code="i">05-13201</subfield>
      <subfield code="g">69</subfield>
      <subfield code="o">821.134.2(83) N454o</subfield>
      <subfield code="e">FOMEC578</subfield>
      <subfield code="8">CG</subfield>
    </datafield>
    <datafield tag="952" ind1=" " ind2=" ">
      <subfield code="a">BIB_RECT</subfield>
      <subfield code="b">BIB_UARG</subfield>
      <subfield code="d">2008-04-22</subfield>
      <subfield code="y">BK</subfield>
      <subfield code="p">05-13212</subfield>
      <subfield code="i">05-13212</subfield>
      <subfield code="g">69</subfield>
      <subfield code="o">821.134.2(83) N454o</subfield>
      <subfield code="e">FOMEC 578</subfield>
      <subfield code="8">CG</subfield>
    </datafield>
    <datafield tag="952" ind1=" " ind2=" ">
      <subfield code="a">BIB_RECT</subfield>
      <subfield code="b">BIB_UARG</subfield>
      <subfield code="d">2008-04-22</subfield>
      <subfield code="y">BK</subfield>
      <subfield code="p">05-13253</subfield>
      <subfield code="i">05-13253</subfield>
      <subfield code="g">69</subfield>
      <subfield code="o">821.134.2(83) N454o</subfield>
      <subfield code="e">Fomec 578</subfield>
      <subfield code="8">CG</subfield>
    </datafield>
  </record>