
  <record>
    <leader>01000aam  22002601a 4500</leader>
    <controlfield tag="001">YPZ88363</controlfield>
    <controlfield tag="003">YPZ</controlfield>
    <controlfield tag="005">200804221838120</controlfield>
    <controlfield tag="008">080422|###########||||||b||||||||||spa|d</controlfield>
    <datafield tag="020" ind1=" " ind2=" ">
      <subfield code="a">8420543659</subfield>
    </datafield>
    <datafield tag="040" ind1=" " ind2=" ">
      <subfield code="c">SIUNPA</subfield>
    </datafield>
    <datafield tag="041" ind1=" " ind2=" ">
      <subfield code="a">spa</subfield>
    </datafield>
    <datafield tag="044" ind1=" " ind2=" ">
      <subfield code="a">ES</subfield>
    </datafield>
    <datafield tag="080" ind1=" " ind2=" ">
      <subfield code="a">658.3 D598d</subfield>
    </datafield>
    <datafield tag="245" ind1=" " ind2=" ">
      <subfield code="a">Dirección estratégica de personas</subfield>
      <subfield code="b"> : evidencias y perspectivas para el siglo XXI</subfield>
      <subfield code="c"> / Bonachea, Jaime, dir. ; Cabrera, Ángel, dir.</subfield>
    </datafield>
    <datafield tag="260" ind1=" " ind2=" ">
      <subfield code="a">Madrid</subfield>
      <subfield code="b"> : Prentice-Hall</subfield>
      <subfield code="c"> , 2004</subfield>
    </datafield>
    <datafield tag="650" ind1=" " ind2=" ">
      <subfield code="a"> RECURSOS HUMANOS</subfield>
    </datafield>
    <datafield tag="650" ind1=" " ind2=" ">
      <subfield code="a"> GESTION DE PERSONAL</subfield>
    </datafield>
    <datafield tag="650" ind1=" " ind2=" ">
      <subfield code="a"> POLITICA DE PERSONAL</subfield>
    </datafield>
    <datafield tag="942" ind1=" " ind2=" ">
      <subfield code="c">BK</subfield>
    </datafield>
    <datafield tag="952" ind1=" " ind2=" ">
      <subfield code="a">BIB_RECT</subfield>
      <subfield code="b">BIB_UACO</subfield>
      <subfield code="d">2008-04-21</subfield>
      <subfield code="y">BK</subfield>
      <subfield code="p">02-35277</subfield>
      <subfield code="i">02-35277</subfield>
      <subfield code="g">95</subfield>
      <subfield code="o">658.3 D598d</subfield>
      <subfield code="e">Compra Contrato Programa</subfield>
      <subfield code="8">CG</subfield>
    </datafield>
    <datafield tag="952" ind1=" " ind2=" ">
      <subfield code="a">BIB_RECT</subfield>
      <subfield code="b">BIB_UACO</subfield>
      <subfield code="d">2008-04-21</subfield>
      <subfield code="y">BK</subfield>
      <subfield code="p">02-35278</subfield>
      <subfield code="i">02-35278</subfield>
      <subfield code="g">95</subfield>
      <subfield code="o">658.3 D598d</subfield>
      <subfield code="e">Compra Contrato Programa</subfield>
      <subfield code="8">CG</subfield>
    </datafield>
    <datafield tag="952" ind1=" " ind2=" ">
      <subfield code="a">BIB_RECT</subfield>
      <subfield code="b">BIB_UACO</subfield>
      <subfield code="d">2008-04-21</subfield>
      <subfield code="y">BK</subfield>
      <subfield code="p">02-35279</subfield>
      <subfield code="i">02-35279</subfield>
      <subfield code="g">95</subfield>
      <subfield code="o">658.3 D598d</subfield>
      <subfield code="e">Compra Contrato Programa</subfield>
      <subfield code="8">CG</subfield>
    </datafield>
    <datafield tag="952" ind1=" " ind2=" ">
      <subfield code="a">BIB_RECT</subfield>
      <subfield code="b">BIB_UART</subfield>
      <subfield code="d">2008-04-22</subfield>
      <subfield code="y">BK</subfield>
      <subfield code="p">03-35315</subfield>
      <subfield code="i">03-35315</subfield>
      <subfield code="g">95</subfield>
      <subfield code="o">658.3 D598d</subfield>
      <subfield code="e">Compra Contrato Programa</subfield>
      <subfield code="8">CG</subfield>
    </datafield>
    <datafield tag="952" ind1=" " ind2=" ">
      <subfield code="a">BIB_RECT</subfield>
      <subfield code="b">BIB_UASJ</subfield>
      <subfield code="d">2008-04-16</subfield>
      <subfield code="y">BK</subfield>
      <subfield code="p">04-35218</subfield>
      <subfield code="i">04-35218</subfield>
      <subfield code="g">95</subfield>
      <subfield code="o">658.3 D598d</subfield>
      <subfield code="e">Compra Contrato Programa</subfield>
      <subfield code="8">CG</subfield>
    </datafield>
  </record>