
  <record>
    <leader>01000aam  22002601a 4500</leader>
    <controlfield tag="001">YPZ88394</controlfield>
    <controlfield tag="003">YPZ</controlfield>
    <controlfield tag="005">200804251712400</controlfield>
    <controlfield tag="008">080425|###########||||||b||||||||||spa|d</controlfield>
    <datafield tag="020" ind1=" " ind2=" ">
      <subfield code="a">8477382107</subfield>
    </datafield>
    <datafield tag="040" ind1=" " ind2=" ">
      <subfield code="c">SIUNPA</subfield>
    </datafield>
    <datafield tag="041" ind1=" " ind2=" ">
      <subfield code="a">spa</subfield>
    </datafield>
    <datafield tag="044" ind1=" " ind2=" ">
      <subfield code="a">ES</subfield>
    </datafield>
    <datafield tag="080" ind1=" " ind2=" ">
      <subfield code="a">658.8 A466m</subfield>
    </datafield>
    <datafield tag="100" ind1=" " ind2=" ">
      <subfield code="a">Altés Machín, Carmen.</subfield>
    </datafield>
    <datafield tag="245" ind1=" " ind2=" ">
      <subfield code="a">Marketing y turismo</subfield>
      <subfield code="b"> : introducción al marketing de empresas y destinos turísticos</subfield>
    </datafield>
    <datafield tag="260" ind1=" " ind2=" ">
      <subfield code="a">Madrid</subfield>
      <subfield code="b"> : Síntesis</subfield>
      <subfield code="c"> , reimpr. 2001</subfield>
    </datafield>
    <datafield tag="440" ind1=" " ind2=" ">
      <subfield code="a">Gestión turística</subfield>
      <subfield code="v">14</subfield>
    </datafield>
    <datafield tag="490" ind1=" " ind2=" ">
      <subfield code="a">Gestión turística</subfield>
      <subfield code="v">14</subfield>
    </datafield>
    <datafield tag="500" ind1=" " ind2=" ">
      <subfield code="a">El año de reimpresión varía según el ejemplar</subfield>
    </datafield>
    <datafield tag="650" ind1=" " ind2=" ">
      <subfield code="a"> MARKETING</subfield>
    </datafield>
    <datafield tag="650" ind1=" " ind2=" ">
      <subfield code="a"> TURISMO</subfield>
    </datafield>
    <datafield tag="942" ind1=" " ind2=" ">
      <subfield code="c">BK</subfield>
    </datafield>
    <datafield tag="952" ind1=" " ind2=" ">
      <subfield code="a">BIB_RECT</subfield>
      <subfield code="b">BIB_UACO</subfield>
      <subfield code="d">2008-05-05</subfield>
      <subfield code="y">BK</subfield>
      <subfield code="p">02-35412</subfield>
      <subfield code="i">02-35412</subfield>
      <subfield code="g">159.6</subfield>
      <subfield code="o">658.8 A466m</subfield>
      <subfield code="e">Compra Contrato Programa</subfield>
      <subfield code="8">CG</subfield>
    </datafield>
    <datafield tag="952" ind1=" " ind2=" ">
      <subfield code="a">BIB_RECT</subfield>
      <subfield code="b">BIB_UART</subfield>
      <subfield code="d">2008-05-03</subfield>
      <subfield code="y">BK</subfield>
      <subfield code="p">03-35482</subfield>
      <subfield code="i">03-35482</subfield>
      <subfield code="g">159.6</subfield>
      <subfield code="o">658.8 A466m</subfield>
      <subfield code="e">Compra Contrato Programa</subfield>
      <subfield code="8">CG</subfield>
    </datafield>
    <datafield tag="952" ind1=" " ind2=" ">
      <subfield code="a">BIB_RECT</subfield>
      <subfield code="b">BIB_UASJ</subfield>
      <subfield code="d">2008-04-14</subfield>
      <subfield code="y">BK</subfield>
      <subfield code="p">04-35147</subfield>
      <subfield code="i">04-35147</subfield>
      <subfield code="g">159.6</subfield>
      <subfield code="o">658.8 A466m</subfield>
      <subfield code="e">Compra Contrato Programa</subfield>
      <subfield code="8">CG</subfield>
    </datafield>
    <datafield tag="952" ind1=" " ind2=" ">
      <subfield code="a">BIB_RECT</subfield>
      <subfield code="b">BIB_UARG</subfield>
      <subfield code="d">2008-05-06</subfield>
      <subfield code="y">BK</subfield>
      <subfield code="p">05-35453</subfield>
      <subfield code="i">05-35453</subfield>
      <subfield code="g">159.6</subfield>
      <subfield code="o">658.8 A466m</subfield>
      <subfield code="e">Compra Contrato Programa</subfield>
      <subfield code="8">CG</subfield>
    </datafield>
    <datafield tag="952" ind1=" " ind2=" ">
      <subfield code="a">BIB_RECT</subfield>
      <subfield code="b">BIB_UARG</subfield>
      <subfield code="d">2008-05-06</subfield>
      <subfield code="y">BK</subfield>
      <subfield code="p">05-35454</subfield>
      <subfield code="i">05-35454</subfield>
      <subfield code="g">159.6</subfield>
      <subfield code="o">658.8 A466m</subfield>
      <subfield code="e">Compra Contrato Programa</subfield>
      <subfield code="8">CG</subfield>
    </datafield>
    <datafield tag="952" ind1=" " ind2=" ">
      <subfield code="a">BIB_RECT</subfield>
      <subfield code="b">BIB_UARG</subfield>
      <subfield code="d">2008-05-06</subfield>
      <subfield code="y">BK</subfield>
      <subfield code="p">05-35455</subfield>
      <subfield code="i">05-35455</subfield>
      <subfield code="g">159.6</subfield>
      <subfield code="o">658.8 A466m</subfield>
      <subfield code="e">Compra Contrato Programa</subfield>
      <subfield code="8">CG</subfield>
    </datafield>
  </record>