
  <record>
    <leader>01000aam  22002601a 4500</leader>
    <controlfield tag="001">YPZ88406</controlfield>
    <controlfield tag="003">YPZ</controlfield>
    <controlfield tag="005">200804291544060</controlfield>
    <controlfield tag="008">080429|###########||||||b||||||||||spa|d</controlfield>
    <datafield tag="040" ind1=" " ind2=" ">
      <subfield code="c">SIUNPA</subfield>
    </datafield>
    <datafield tag="041" ind1=" " ind2=" ">
      <subfield code="a">spa</subfield>
    </datafield>
    <datafield tag="044" ind1=" " ind2=" ">
      <subfield code="a">AR</subfield>
    </datafield>
    <datafield tag="080" ind1=" " ind2=" ">
      <subfield code="a">F330.8 A912c</subfield>
    </datafield>
    <datafield tag="100" ind1=" " ind2=" ">
      <subfield code="a">Audino, Patricia.</subfield>
    </datafield>
    <datafield tag="700" ind1=" " ind2=" ">
      <subfield code="a">Tohmé, Fernando.</subfield>
    </datafield>
    <datafield tag="245" ind1=" " ind2=" ">
      <subfield code="a">El clásico olvidado</subfield>
      <subfield code="b"> : Henry George y el impuesto sobre la renta de la tierra</subfield>
    </datafield>
    <datafield tag="260" ind1=" " ind2=" ">
      <subfield code="a">Bahía Blanca</subfield>
      <subfield code="b"> : Universidad Nacional del Sur. Departamento de Economía</subfield>
      <subfield code="c"> , 2003</subfield>
    </datafield>
    <datafield tag="440" ind1=" " ind2=" ">
      <subfield code="a">Colección biblioteca profesional y empresaria</subfield>
      <subfield code="a">Colección universitas</subfield>
      <subfield code="a">Gestión turística</subfield>
      <subfield code="a">Colección PYR</subfield>
      <subfield code="a">Colección PYR</subfield>
      <subfield code="a">Hostelería y turismo</subfield>
      <subfield code="a">Psicometría y psicodiagnóstico</subfield>
      <subfield code="a">Serie Documentos de trabajo del Instituto de Economía</subfield>
      <subfield code="v">3</subfield>
    </datafield>
    <datafield tag="490" ind1=" " ind2=" ">
      <subfield code="a">Colección biblioteca profesional y empresaria</subfield>
      <subfield code="a">Colección universitas</subfield>
      <subfield code="a">Gestión turística</subfield>
      <subfield code="a">Colección PYR</subfield>
      <subfield code="a">Colección PYR</subfield>
      <subfield code="a">Hostelería y turismo</subfield>
      <subfield code="a">Psicometría y psicodiagnóstico</subfield>
      <subfield code="a">Serie Documentos de trabajo del Instituto de Economía</subfield>
      <subfield code="v">3</subfield>
    </datafield>
    <datafield tag="650" ind1=" " ind2=" ">
      <subfield code="a"> RENTA DE LA TIERRA</subfield>
    </datafield>
    <datafield tag="650" ind1=" " ind2=" ">
      <subfield code="a"> TEORIA ECONOMICA </subfield>
    </datafield>
    <datafield tag="650" ind1=" " ind2=" ">
      <subfield code="a"> ESCUELA CLASICA</subfield>
    </datafield>
    <datafield tag="650" ind1=" " ind2=" ">
      <subfield code="a"> HENRY, GEORGE (1839</subfield>
    </datafield>
    <datafield tag="650" ind1=" " ind2=" ">
      <subfield code="a">1897)</subfield>
    </datafield>
    <datafield tag="650" ind1=" " ind2=" ">
      <subfield code="a"> IMPUESTOS</subfield>
    </datafield>
    <datafield tag="942" ind1=" " ind2=" ">
      <subfield code="c">BK</subfield>
    </datafield>
    <datafield tag="952" ind1=" " ind2=" ">
      <subfield code="a">BIB_RECT</subfield>
      <subfield code="b">BIB_UACO</subfield>
      <subfield code="d">2008-04-28</subfield>
      <subfield code="y">BK</subfield>
      <subfield code="p">02-35359</subfield>
      <subfield code="i">02-35359</subfield>
      <subfield code="g">24</subfield>
      <subfield code="o">F330.8 A912c</subfield>
      <subfield code="e">UACO</subfield>
      <subfield code="8">CG</subfield>
    </datafield>
  </record>