
  <record>
    <leader>01000aam  22002601a 4500</leader>
    <controlfield tag="001">YPZ88418</controlfield>
    <controlfield tag="003">YPZ</controlfield>
    <controlfield tag="005">200805021016350</controlfield>
    <controlfield tag="008">080502|###########||||||b||||||||||spa|d</controlfield>
    <datafield tag="020" ind1=" " ind2=" ">
      <subfield code="a">8476157584</subfield>
    </datafield>
    <datafield tag="040" ind1=" " ind2=" ">
      <subfield code="c">SIUNPA</subfield>
    </datafield>
    <datafield tag="041" ind1=" " ind2=" ">
      <subfield code="a">spa</subfield>
    </datafield>
    <datafield tag="044" ind1=" " ind2=" ">
      <subfield code="a">ES</subfield>
    </datafield>
    <datafield tag="080" ind1=" " ind2=" ">
      <subfield code="a">512.64 L767a2</subfield>
    </datafield>
    <datafield tag="100" ind1=" " ind2=" ">
      <subfield code="a">Lipschutz, Seymour.</subfield>
    </datafield>
    <datafield tag="245" ind1=" " ind2=" ">
      <subfield code="a">Álgebra lineal</subfield>
      <subfield code="b"> : segunda edición</subfield>
      <subfield code="c"> / Martínez Ontalba, Celia, tr. ; Abellanas, Lorenzo, rev.</subfield>
    </datafield>
    <datafield tag="250" ind1=" " ind2=" ">
      <subfield code="a">2a ed.</subfield>
    </datafield>
    <datafield tag="260" ind1=" " ind2=" ">
      <subfield code="a">Madrid</subfield>
      <subfield code="b"> : McGraw-Hill Interamericana</subfield>
      <subfield code="c"> , 1992</subfield>
    </datafield>
    <datafield tag="650" ind1=" " ind2=" ">
      <subfield code="a"> ALGEBRA LINEAL</subfield>
    </datafield>
    <datafield tag="650" ind1=" " ind2=" ">
      <subfield code="a"> VECTORES (MATEMATICAS)</subfield>
    </datafield>
    <datafield tag="650" ind1=" " ind2=" ">
      <subfield code="a"> MATRICES (MATEMATICAS)</subfield>
    </datafield>
    <datafield tag="650" ind1=" " ind2=" ">
      <subfield code="a"> ECUACIONES LINEALES</subfield>
    </datafield>
    <datafield tag="650" ind1=" " ind2=" ">
      <subfield code="a"> DETERMINANTES (ECUACIONES)</subfield>
    </datafield>
    <datafield tag="942" ind1=" " ind2=" ">
      <subfield code="c">BK</subfield>
    </datafield>
    <datafield tag="952" ind1=" " ind2=" ">
      <subfield code="a">BIB_RECT</subfield>
      <subfield code="b">BIB_UACO</subfield>
      <subfield code="d">2008-05-02</subfield>
      <subfield code="y">BK</subfield>
      <subfield code="p">02-03194</subfield>
      <subfield code="i">02-03194</subfield>
      <subfield code="g">32</subfield>
      <subfield code="o">512.64 L767a2</subfield>
      <subfield code="e">Migracion UACO</subfield>
      <subfield code="8">CG</subfield>
    </datafield>
    <datafield tag="952" ind1=" " ind2=" ">
      <subfield code="a">BIB_RECT</subfield>
      <subfield code="b">BIB_UACO</subfield>
      <subfield code="d">2008-05-02</subfield>
      <subfield code="y">BK</subfield>
      <subfield code="p">02-07035</subfield>
      <subfield code="i">02-07035</subfield>
      <subfield code="g">32</subfield>
      <subfield code="o">512.64 L767a2</subfield>
      <subfield code="e">Migracion UACO</subfield>
      <subfield code="8">CG</subfield>
    </datafield>
    <datafield tag="952" ind1=" " ind2=" ">
      <subfield code="a">BIB_RECT</subfield>
      <subfield code="b">BIB_UACO</subfield>
      <subfield code="d">2008-05-02</subfield>
      <subfield code="y">BK</subfield>
      <subfield code="p">02-08112</subfield>
      <subfield code="i">02-08112</subfield>
      <subfield code="g">32</subfield>
      <subfield code="o">512.64 L767a2</subfield>
      <subfield code="e">Migracion UACO</subfield>
      <subfield code="8">CG</subfield>
    </datafield>
    <datafield tag="952" ind1=" " ind2=" ">
      <subfield code="a">BIB_RECT</subfield>
      <subfield code="b">BIB_UASJ</subfield>
      <subfield code="d">2008-05-02</subfield>
      <subfield code="y">BK</subfield>
      <subfield code="p">04-00861</subfield>
      <subfield code="i">04-00861</subfield>
      <subfield code="g">32</subfield>
      <subfield code="o">512.64 L767a2</subfield>
      <subfield code="e">Migracion UASJ</subfield>
      <subfield code="8">CG</subfield>
    </datafield>
    <datafield tag="952" ind1=" " ind2=" ">
      <subfield code="a">BIB_RECT</subfield>
      <subfield code="b">BIB_UARG</subfield>
      <subfield code="d">2008-02-25</subfield>
      <subfield code="y">BK</subfield>
      <subfield code="p">05-35354</subfield>
      <subfield code="i">05-35354</subfield>
      <subfield code="g">32</subfield>
      <subfield code="o">512.64 L767a2</subfield>
      <subfield code="e">Billoni, Anibal</subfield>
      <subfield code="8">CG</subfield>
    </datafield>
  </record>