
  <record>
    <leader>01000aam  22002601a 4500</leader>
    <controlfield tag="001">YPZ88420</controlfield>
    <controlfield tag="003">YPZ</controlfield>
    <controlfield tag="005">200805021424150</controlfield>
    <controlfield tag="008">080502|###########||||||b||||||||||spa|d</controlfield>
    <datafield tag="040" ind1=" " ind2=" ">
      <subfield code="c">SIUNPA</subfield>
    </datafield>
    <datafield tag="041" ind1=" " ind2=" ">
      <subfield code="a">spa</subfield>
    </datafield>
    <datafield tag="044" ind1=" " ind2=" ">
      <subfield code="a">MX</subfield>
    </datafield>
    <datafield tag="080" ind1=" " ind2=" ">
      <subfield code="a">512.643 A985t</subfield>
    </datafield>
    <datafield tag="100" ind1=" " ind2=" ">
      <subfield code="a">Ayres, Frank.</subfield>
    </datafield>
    <datafield tag="245" ind1=" " ind2=" ">
      <subfield code="a">Teoría y problemas de matrices</subfield>
      <subfield code="c"> / Gutiérrez Díez, Luis, tr. y adaptación ; Gutiérrez Vázquez, Angel, tr. y adaptación</subfield>
    </datafield>
    <datafield tag="260" ind1=" " ind2=" ">
      <subfield code="a">México, D.F.</subfield>
      <subfield code="b"> : McGraw-Hill</subfield>
      <subfield code="c"> , 1969</subfield>
    </datafield>
    <datafield tag="500" ind1=" " ind2=" ">
      <subfield code="a">En cub.: Teoría y 340 problemas resueltos</subfield>
    </datafield>
    <datafield tag="500" ind1=" " ind2=" ">
      <subfield code="a">El año de reimpresión varía según el ejemplar</subfield>
    </datafield>
    <datafield tag="650" ind1=" " ind2=" ">
      <subfield code="a"> MATRICES (MATEMATICAS)</subfield>
    </datafield>
    <datafield tag="650" ind1=" " ind2=" ">
      <subfield code="a"> ALGEBRA VECTORIAL </subfield>
    </datafield>
    <datafield tag="650" ind1=" " ind2=" ">
      <subfield code="a"> TRANSFORMACIONES LINEALES</subfield>
    </datafield>
    <datafield tag="650" ind1=" " ind2=" ">
      <subfield code="a"> DETERMINANTES (ECUACIONES)</subfield>
    </datafield>
    <datafield tag="650" ind1=" " ind2=" ">
      <subfield code="a"> VECTORES (MATEMATICAS) </subfield>
    </datafield>
    <datafield tag="650" ind1=" " ind2=" ">
      <subfield code="a"> EJERCICIOS</subfield>
    </datafield>
    <datafield tag="650" ind1=" " ind2=" ">
      <subfield code="a"> ECUACIONES LINEALES </subfield>
    </datafield>
    <datafield tag="650" ind1=" " ind2=" ">
      <subfield code="a"> POLINOMIOS</subfield>
    </datafield>
    <datafield tag="942" ind1=" " ind2=" ">
      <subfield code="c">BK</subfield>
    </datafield>
    <datafield tag="952" ind1=" " ind2=" ">
      <subfield code="a">BIB_RECT</subfield>
      <subfield code="b">BIB_UACO</subfield>
      <subfield code="d">2018-05-23</subfield>
      <subfield code="y">BK</subfield>
      <subfield code="p">02-00596</subfield>
      <subfield code="i">02-00596</subfield>
      <subfield code="g">320</subfield>
      <subfield code="o">512.643 A985t</subfield>
      <subfield code="e">Desconocido</subfield>
      <subfield code="8">CG</subfield>
    </datafield>
    <datafield tag="952" ind1=" " ind2=" ">
      <subfield code="a">BIB_RECT</subfield>
      <subfield code="b">BIB_UACO</subfield>
      <subfield code="d">2016-05-11</subfield>
      <subfield code="y">BK</subfield>
      <subfield code="p">02-47902</subfield>
      <subfield code="i">02-47902</subfield>
      <subfield code="g">80</subfield>
      <subfield code="o">512.643 A985t</subfield>
      <subfield code="e">Don. Prof. Gimenez, Carlos</subfield>
      <subfield code="8">CG</subfield>
    </datafield>
    <datafield tag="952" ind1=" " ind2=" ">
      <subfield code="a">BIB_RECT</subfield>
      <subfield code="b">BIB_UARG</subfield>
      <subfield code="d">2008-05-02</subfield>
      <subfield code="y">BK</subfield>
      <subfield code="p">05-02729</subfield>
      <subfield code="i">05-02729</subfield>
      <subfield code="g">32</subfield>
      <subfield code="o">512.643 A985t</subfield>
      <subfield code="e">Migracion UARG</subfield>
      <subfield code="8">CG</subfield>
    </datafield>
    <datafield tag="952" ind1=" " ind2=" ">
      <subfield code="a">BIB_RECT</subfield>
      <subfield code="b">BIB_UARG</subfield>
      <subfield code="d">2008-02-25</subfield>
      <subfield code="y">BK</subfield>
      <subfield code="p">05-35345</subfield>
      <subfield code="i">05-35345</subfield>
      <subfield code="g">32</subfield>
      <subfield code="o">512.643 A985t</subfield>
      <subfield code="e">Billoni, Anibal</subfield>
      <subfield code="8">CG</subfield>
    </datafield>
  </record>