
  <record>
    <leader>01000aam  22002601a 4500</leader>
    <controlfield tag="001">YPZ88425</controlfield>
    <controlfield tag="003">YPZ</controlfield>
    <controlfield tag="005">200805021602020</controlfield>
    <controlfield tag="008">080502|###########||||||b||||||||||spa|d</controlfield>
    <datafield tag="020" ind1=" " ind2=" ">
      <subfield code="a">8429150935</subfield>
    </datafield>
    <datafield tag="040" ind1=" " ind2=" ">
      <subfield code="c">SIUNPA</subfield>
    </datafield>
    <datafield tag="041" ind1=" " ind2=" ">
      <subfield code="a">spa</subfield>
    </datafield>
    <datafield tag="044" ind1=" " ind2=" ">
      <subfield code="a">ES</subfield>
    </datafield>
    <datafield tag="080" ind1=" " ind2=" ">
      <subfield code="a">517.53 L665c</subfield>
    </datafield>
    <datafield tag="100" ind1=" " ind2=" ">
      <subfield code="a">Levinson, Norman.</subfield>
    </datafield>
    <datafield tag="700" ind1=" " ind2=" ">
      <subfield code="a">Redheffer, Raymond M..</subfield>
    </datafield>
    <datafield tag="245" ind1=" " ind2=" ">
      <subfield code="a">Curso de variable compleja</subfield>
      <subfield code="c"> / Bou García, Luís, tr. ; Linés Escardó, Enrique, rev.</subfield>
    </datafield>
    <datafield tag="260" ind1=" " ind2=" ">
      <subfield code="a">Barcelona</subfield>
      <subfield code="b"> : Reverté</subfield>
      <subfield code="c"> , 1981</subfield>
    </datafield>
    <datafield tag="650" ind1=" " ind2=" ">
      <subfield code="a"> VARIABLES COMPLEJAS</subfield>
    </datafield>
    <datafield tag="650" ind1=" " ind2=" ">
      <subfield code="a"> FUNCIONES (MATEMATICAS)</subfield>
    </datafield>
    <datafield tag="942" ind1=" " ind2=" ">
      <subfield code="c">BK</subfield>
    </datafield>
    <datafield tag="952" ind1=" " ind2=" ">
      <subfield code="a">BIB_RECT</subfield>
      <subfield code="b">BIB_UARG</subfield>
      <subfield code="d">2008-02-25</subfield>
      <subfield code="y">BK</subfield>
      <subfield code="p">05-35343</subfield>
      <subfield code="i">05-35343</subfield>
      <subfield code="g">49</subfield>
      <subfield code="o">517.53 L665c</subfield>
      <subfield code="e">Billoni, Anibal</subfield>
      <subfield code="8">CG</subfield>
    </datafield>
  </record>