
  <record>
    <leader>01000aam  22002601a 4500</leader>
    <controlfield tag="001">YPZ88501</controlfield>
    <controlfield tag="003">YPZ</controlfield>
    <controlfield tag="005">200805071815540</controlfield>
    <controlfield tag="008">080507|###########||||||b||||||||||spa|d</controlfield>
    <datafield tag="020" ind1=" " ind2=" ">
      <subfield code="a">9505550731</subfield>
    </datafield>
    <datafield tag="040" ind1=" " ind2=" ">
      <subfield code="c">SIUNPA</subfield>
    </datafield>
    <datafield tag="041" ind1=" " ind2=" ">
      <subfield code="a">spa</subfield>
    </datafield>
    <datafield tag="044" ind1=" " ind2=" ">
      <subfield code="a">AR</subfield>
    </datafield>
    <datafield tag="080" ind1=" " ind2=" ">
      <subfield code="a">616.12 S819i2</subfield>
    </datafield>
    <datafield tag="100" ind1=" " ind2=" ">
      <subfield code="a">Stein, Emanuel.</subfield>
    </datafield>
    <datafield tag="700" ind1=" " ind2=" ">
      <subfield code="a">Delman, Abner J..</subfield>
    </datafield>
    <datafield tag="245" ind1=" " ind2=" ">
      <subfield code="a">Interpretación rápida de los ruidos y soplos cardíacos</subfield>
      <subfield code="c"> / Perriard, Diana, tr.</subfield>
    </datafield>
    <datafield tag="250" ind1=" " ind2=" ">
      <subfield code="a">2a ed.</subfield>
    </datafield>
    <datafield tag="260" ind1=" " ind2=" ">
      <subfield code="a">Buenos Aires</subfield>
      <subfield code="b"> : Inter-Médica</subfield>
      <subfield code="c"> , 1988</subfield>
    </datafield>
    <datafield tag="650" ind1=" " ind2=" ">
      <subfield code="a"> ENFERMEDADES DEL CORAZON</subfield>
    </datafield>
    <datafield tag="942" ind1=" " ind2=" ">
      <subfield code="c">BK</subfield>
    </datafield>
    <datafield tag="952" ind1=" " ind2=" ">
      <subfield code="a">BIB_RECT</subfield>
      <subfield code="b">BIB_UASJ</subfield>
      <subfield code="d">2008-05-07</subfield>
      <subfield code="y">BK</subfield>
      <subfield code="p">04-35392</subfield>
      <subfield code="i">04-35392</subfield>
      <subfield code="g">18</subfield>
      <subfield code="o">616.12 S819i2</subfield>
      <subfield code="e">Donación</subfield>
      <subfield code="8">CG</subfield>
    </datafield>
  </record>