
  <record>
    <leader>01000aam  22002601a 4500</leader>
    <controlfield tag="001">YPZ88523</controlfield>
    <controlfield tag="003">YPZ</controlfield>
    <controlfield tag="005">200805091408370</controlfield>
    <controlfield tag="008">080509|###########||||||b||||||||||spa|d</controlfield>
    <datafield tag="020" ind1=" " ind2=" ">
      <subfield code="a">8477380961</subfield>
    </datafield>
    <datafield tag="040" ind1=" " ind2=" ">
      <subfield code="c">SIUNPA</subfield>
    </datafield>
    <datafield tag="041" ind1=" " ind2=" ">
      <subfield code="a">spa</subfield>
    </datafield>
    <datafield tag="044" ind1=" " ind2=" ">
      <subfield code="a">ES</subfield>
    </datafield>
    <datafield tag="080" ind1=" " ind2=" ">
      <subfield code="a">338.48 F475e</subfield>
    </datafield>
    <datafield tag="100" ind1=" " ind2=" ">
      <subfield code="a">Figuerola Palomo, Manuel.</subfield>
    </datafield>
    <datafield tag="245" ind1=" " ind2=" ">
      <subfield code="a">Elementos para el estudio de la economía de la empresa turística</subfield>
    </datafield>
    <datafield tag="260" ind1=" " ind2=" ">
      <subfield code="a">Madrid</subfield>
      <subfield code="b"> : Síntesis</subfield>
      <subfield code="c"> , reimpr. 1991</subfield>
    </datafield>
    <datafield tag="440" ind1=" " ind2=" ">
      <subfield code="a">Gestión turística</subfield>
      <subfield code="a">Gestión turística</subfield>
      <subfield code="a">Libro clásico</subfield>
      <subfield code="a">Biblioteca estudiantil Atlántida</subfield>
      <subfield code="a">Colección clásicos Huemul</subfield>
      <subfield code="a">Gestión turística</subfield>
      <subfield code="v">4</subfield>
    </datafield>
    <datafield tag="490" ind1=" " ind2=" ">
      <subfield code="a">Gestión turística</subfield>
      <subfield code="a">Gestión turística</subfield>
      <subfield code="a">Libro clásico</subfield>
      <subfield code="a">Biblioteca estudiantil Atlántida</subfield>
      <subfield code="a">Colección clásicos Huemul</subfield>
      <subfield code="a">Gestión turística</subfield>
      <subfield code="v">4</subfield>
    </datafield>
    <datafield tag="500" ind1=" " ind2=" ">
      <subfield code="a">El año de reimpresión varía según el ejemplar</subfield>
    </datafield>
    <datafield tag="650" ind1=" " ind2=" ">
      <subfield code="a"> TURISMO</subfield>
    </datafield>
    <datafield tag="650" ind1=" " ind2=" ">
      <subfield code="a"> PLANIFICACION TURISTICA</subfield>
    </datafield>
    <datafield tag="650" ind1=" " ind2=" ">
      <subfield code="a"> EMPRESAS TURISTICAS</subfield>
    </datafield>
    <datafield tag="942" ind1=" " ind2=" ">
      <subfield code="c">BK</subfield>
    </datafield>
    <datafield tag="952" ind1=" " ind2=" ">
      <subfield code="a">BIB_RECT</subfield>
      <subfield code="b">BIB_UACO</subfield>
      <subfield code="d">2008-05-30</subfield>
      <subfield code="y">BK</subfield>
      <subfield code="p">02-35822</subfield>
      <subfield code="i">02-35822</subfield>
      <subfield code="g">192.2</subfield>
      <subfield code="o">338.48 F475e</subfield>
      <subfield code="e">Compra Contrato Programa</subfield>
      <subfield code="8">CG</subfield>
    </datafield>
    <datafield tag="952" ind1=" " ind2=" ">
      <subfield code="a">BIB_RECT</subfield>
      <subfield code="b">BIB_UACO</subfield>
      <subfield code="d">2008-05-30</subfield>
      <subfield code="y">BK</subfield>
      <subfield code="p">02-35823</subfield>
      <subfield code="i">02-35823</subfield>
      <subfield code="g">129.9</subfield>
      <subfield code="o">338.48 F475e</subfield>
      <subfield code="e">Compra Contrato Programa</subfield>
      <subfield code="8">CG</subfield>
    </datafield>
    <datafield tag="952" ind1=" " ind2=" ">
      <subfield code="a">BIB_RECT</subfield>
      <subfield code="b">BIB_UART</subfield>
      <subfield code="d">2008-05-30</subfield>
      <subfield code="y">BK</subfield>
      <subfield code="p">03-35817</subfield>
      <subfield code="i">03-35817</subfield>
      <subfield code="g">192.2</subfield>
      <subfield code="o">338.48 F475e</subfield>
      <subfield code="e">Compra Contrato Programa</subfield>
      <subfield code="8">CG</subfield>
    </datafield>
    <datafield tag="952" ind1=" " ind2=" ">
      <subfield code="a">BIB_RECT</subfield>
      <subfield code="b">BIB_UARG</subfield>
      <subfield code="d">2008-05-06</subfield>
      <subfield code="y">BK</subfield>
      <subfield code="p">05-35458</subfield>
      <subfield code="i">05-35458</subfield>
      <subfield code="g">192.2</subfield>
      <subfield code="o">338.48 F475e</subfield>
      <subfield code="e">Compra Contrato Programa</subfield>
      <subfield code="8">CG</subfield>
    </datafield>
  </record>