
  <record>
    <leader>01000aam  22002601a 4500</leader>
    <controlfield tag="001">YPZ88529</controlfield>
    <controlfield tag="003">YPZ</controlfield>
    <controlfield tag="005">200805091533460</controlfield>
    <controlfield tag="008">080509|###########||||||b||||||||||spa|d</controlfield>
    <datafield tag="040" ind1=" " ind2=" ">
      <subfield code="c">SIUNPA</subfield>
    </datafield>
    <datafield tag="041" ind1=" " ind2=" ">
      <subfield code="a">spa</subfield>
    </datafield>
    <datafield tag="044" ind1=" " ind2=" ">
      <subfield code="a">ES</subfield>
    </datafield>
    <datafield tag="080" ind1=" " ind2=" ">
      <subfield code="a">821.111(73) P743n</subfield>
    </datafield>
    <datafield tag="100" ind1=" " ind2=" ">
      <subfield code="a">Poe, Edgar Allan.</subfield>
    </datafield>
    <datafield tag="245" ind1=" " ind2=" ">
      <subfield code="a">Narraciones extraordinarias</subfield>
      <subfield code="c"> / Ibañez Serrador, Narciso, pról.</subfield>
    </datafield>
    <datafield tag="260" ind1=" " ind2=" ">
      <subfield code="a">Barcelona</subfield>
      <subfield code="b"> : Salvat</subfield>
      <subfield code="c"> , 1969</subfield>
    </datafield>
    <datafield tag="650" ind1=" " ind2=" ">
      <subfield code="a"> LITERATURA NORTEAMERICANA</subfield>
    </datafield>
    <datafield tag="650" ind1=" " ind2=" ">
      <subfield code="a"> CUENTO</subfield>
    </datafield>
    <datafield tag="942" ind1=" " ind2=" ">
      <subfield code="c">BK</subfield>
    </datafield>
    <datafield tag="952" ind1=" " ind2=" ">
      <subfield code="a">BIB_RECT</subfield>
      <subfield code="b">BIB_UACO</subfield>
      <subfield code="d">2008-05-09</subfield>
      <subfield code="y">BK</subfield>
      <subfield code="p">02-01477</subfield>
      <subfield code="i">02-01477</subfield>
      <subfield code="g">15</subfield>
      <subfield code="o">821.111(73) P743n</subfield>
      <subfield code="e">Donación Emma de Zanachi</subfield>
      <subfield code="8">CG</subfield>
    </datafield>
    <datafield tag="952" ind1=" " ind2=" ">
      <subfield code="a">BIB_RECT</subfield>
      <subfield code="b">BIB_UARG</subfield>
      <subfield code="d">2015-05-11</subfield>
      <subfield code="y">BK</subfield>
      <subfield code="p">05-47305</subfield>
      <subfield code="i">05-47305</subfield>
      <subfield code="g">120</subfield>
      <subfield code="o">821.111(73) P743n</subfield>
      <subfield code="e">Donación Flia. Celada</subfield>
      <subfield code="8">CG</subfield>
    </datafield>
  </record>