
  <record>
    <leader>01000aam  22002601a 4500</leader>
    <controlfield tag="001">YPZ88550</controlfield>
    <controlfield tag="003">YPZ</controlfield>
    <controlfield tag="005">200805121602190</controlfield>
    <controlfield tag="008">080512|###########||||||b||||||||||spa|d</controlfield>
    <datafield tag="020" ind1=" " ind2=" ">
      <subfield code="a">8471147246</subfield>
    </datafield>
    <datafield tag="040" ind1=" " ind2=" ">
      <subfield code="c">SIUNPA</subfield>
    </datafield>
    <datafield tag="041" ind1=" " ind2=" ">
      <subfield code="a">spa</subfield>
    </datafield>
    <datafield tag="044" ind1=" " ind2=" ">
      <subfield code="a">ES</subfield>
    </datafield>
    <datafield tag="080" ind1=" " ind2=" ">
      <subfield code="a">631.16 R763e</subfield>
    </datafield>
    <datafield tag="100" ind1=" " ind2=" ">
      <subfield code="a">Romero, Carlos.</subfield>
    </datafield>
    <datafield tag="245" ind1=" " ind2=" ">
      <subfield code="a">Evaluación financiera de inversiones agrarias</subfield>
    </datafield>
    <datafield tag="260" ind1=" " ind2=" ">
      <subfield code="a">Madrid</subfield>
      <subfield code="b"> : Mundi-Prensa</subfield>
      <subfield code="c"> , 1998</subfield>
    </datafield>
    <datafield tag="300" ind1=" " ind2=" ">
      <subfield code="a">xxv, 1028 p. : </subfield>
      <subfield code="b">il. ; </subfield>
      <subfield code="a">18 p. : </subfield>
      <subfield code="b">il. ; </subfield>
      <subfield code="a">751 p. : </subfield>
      <subfield code="b">il. ; </subfield>
      <subfield code="a">viii, 312 p. : </subfield>
      <subfield code="b">il. ; </subfield>
      <subfield code="a">xix, 887 p. : </subfield>
      <subfield code="b">il. ; </subfield>
      <subfield code="a">296 p. : </subfield>
      <subfield code="b">gráf. ; </subfield>
      <subfield code="a">x, 553 p. : </subfield>
      <subfield code="b">il. ; </subfield>
      <subfield code="a">116 p. : </subfield>
      <subfield code="b">il. ; </subfield>
      <subfield code="a">217 p. : </subfield>
      <subfield code="b">il. ; </subfield>
      <subfield code="a">xv, 555 p. : </subfield>
      <subfield code="a">261 p. : </subfield>
      <subfield code="b">il. ; </subfield>
      <subfield code="a">371 p. : </subfield>
      <subfield code="b">il. ; </subfield>
      <subfield code="a">v. : </subfield>
      <subfield code="b">il. ; </subfield>
      <subfield code="a">xv, 429 p. : </subfield>
      <subfield code="b">il. ; </subfield>
      <subfield code="a">xv, 504 p. : </subfield>
      <subfield code="b">il. ; </subfield>
      <subfield code="a">289 p. : </subfield>
      <subfield code="b">il. ; </subfield>
      <subfield code="a">v. : </subfield>
      <subfield code="a">445 p. : </subfield>
      <subfield code="b">il. ; </subfield>
      <subfield code="a">830 p. : </subfield>
      <subfield code="a">381 p. : </subfield>
      <subfield code="b">il. ; </subfield>
      <subfield code="a">xxiii, 285 p. : </subfield>
      <subfield code="b">il. ; </subfield>
      <subfield code="a">3 v. : </subfield>
      <subfield code="b">il. ; </subfield>
      <subfield code="a">359 p. : </subfield>
      <subfield code="b">il. ; </subfield>
      <subfield code="a">126 p. : </subfield>
      <subfield code="a">141 p. : </subfield>
      <subfield code="b">il. ; </subfield>
      <subfield code="a">341 p. : </subfield>
      <subfield code="b">cuadros ; </subfield>
      <subfield code="a">55 p. : </subfield>
      <subfield code="a">62 p. : </subfield>
      <subfield code="a">76 p. : </subfield>
      <subfield code="a">154 p. : </subfield>
      <subfield code="b">il. ; </subfield>
      <subfield code="a">181 p. : </subfield>
      <subfield code="a">212 p. : </subfield>
      <subfield code="a">232 p. : </subfield>
      <subfield code="a">165 p. : </subfield>
      <subfield code="a">106 p. : </subfield>
      <subfield code="b">il. ; </subfield>
      <subfield code="a">152 p. : </subfield>
      <subfield code="a">xiv, 815 p. : </subfield>
      <subfield code="b">il. ; </subfield>
      <subfield code="a">99 p. : </subfield>
      <subfield code="b">il. ; </subfield>
      <subfield code="a">311 p. : </subfield>
      <subfield code="b">il. ; </subfield>
      <subfield code="a">xi, 427 p. : </subfield>
      <subfield code="b">il. ; </subfield>
      <subfield code="a">xiv, 208 p. : </subfield>
      <subfield code="b">il. ; </subfield>
      <subfield code="a">64 p. : </subfield>
      <subfield code="a">63 p. : </subfield>
      <subfield code="b">il. ; </subfield>
      <subfield code="a">171 p. : </subfield>
      <subfield code="a">143 p. : </subfield>
      <subfield code="a">lxiii, 105 p. : </subfield>
      <subfield code="a">86 p. : </subfield>
      <subfield code="a">145 p. : </subfield>
      <subfield code="a">116 p. : </subfield>
      <subfield code="b">il. ; </subfield>
      <subfield code="a">324 p. : </subfield>
      <subfield code="a">39 p. : </subfield>
      <subfield code="b">il. ; </subfield>
      <subfield code="a">159 p. : </subfield>
      <subfield code="b">il. ; </subfield>
      <subfield code="a">174 p. : </subfield>
      <subfield code="a">239 p. : </subfield>
      <subfield code="a">533 p. : </subfield>
      <subfield code="b">il. ; </subfield>
      <subfield code="a">104 p. : </subfield>
      <subfield code="a">63 p. : </subfield>
      <subfield code="a">xvi, 543 p. : </subfield>
      <subfield code="a">355 p. : </subfield>
      <subfield code="b">il. ; </subfield>
      <subfield code="a">2 v. : </subfield>
      <subfield code="a">xiv, 413 p. : </subfield>
      <subfield code="b">il. ; </subfield>
      <subfield code="a">154 p. : </subfield>
      <subfield code="a">189 p. : </subfield>
      <subfield code="a">176 p. : </subfield>
      <subfield code="a">xlvii, 1393 p. : </subfield>
      <subfield code="a">v. : </subfield>
      <subfield code="a">172 p. : </subfield>
      <subfield code="a">149 p. : </subfield>
      <subfield code="a">2 v. : </subfield>
      <subfield code="a">605 p. : </subfield>
      <subfield code="a">205 p. : </subfield>
      <subfield code="a">125 p. : </subfield>
      <subfield code="a">xiii, 362 p. : </subfield>
      <subfield code="b">il. ; </subfield>
      <subfield code="a">73 p. : </subfield>
      <subfield code="a">552 p. : </subfield>
      <subfield code="a">420 p. : </subfield>
      <subfield code="b">il. ; </subfield>
      <subfield code="a">v. : </subfield>
      <subfield code="a">382 p. : </subfield>
      <subfield code="a">132 p. : </subfield>
      <subfield code="a">60 p. : </subfield>
      <subfield code="a">60 p. : </subfield>
      <subfield code="a">294 p. : </subfield>
      <subfield code="a">133 p. : </subfield>
      <subfield code="a">64 p. : </subfield>
      <subfield code="b">il. ; </subfield>
      <subfield code="a">vi, 136 p. : </subfield>
      <subfield code="a">32 p. : </subfield>
      <subfield code="a">76 p. : </subfield>
      <subfield code="b">il. ; </subfield>
      <subfield code="a">256 p. : </subfield>
      <subfield code="a">262 p. : </subfield>
      <subfield code="a">281 p. : </subfield>
      <subfield code="b">il. ; </subfield>
      <subfield code="a">335 p. : </subfield>
      <subfield code="a">290 p. : </subfield>
      <subfield code="a">481 p. : </subfield>
      <subfield code="a">269 p. : </subfield>
      <subfield code="a">398 p. : </subfield>
      <subfield code="b">il. ; </subfield>
      <subfield code="a">141 p. : </subfield>
      <subfield code="b">il. ; </subfield>
      <subfield code="a">221 p. : </subfield>
      <subfield code="a">333 p. : </subfield>
      <subfield code="a">126 p. : </subfield>
      <subfield code="a">100 p. : </subfield>
      <subfield code="a">96  p. : </subfield>
      <subfield code="b">il. ; </subfield>
      <subfield code="a">62 p. : </subfield>
      <subfield code="b">il. ; </subfield>
      <subfield code="a">367 p. : </subfield>
      <subfield code="b">il. ; </subfield>
      <subfield code="a">494 p. : </subfield>
      <subfield code="b">il. ; </subfield>
      <subfield code="a">v. : </subfield>
      <subfield code="a">lxiv, 700 p. : </subfield>
      <subfield code="a">156 p. : </subfield>
      <subfield code="b">il. ; </subfield>
      <subfield code="a">197 p. : </subfield>
      <subfield code="a">189 p. : </subfield>
      <subfield code="a">285 p. : </subfield>
      <subfield code="a">v. : </subfield>
      <subfield code="a">164 p. : </subfield>
      <subfield code="b">il. ; </subfield>
      <subfield code="a">300 p. : </subfield>
      <subfield code="a">171 p. : </subfield>
      <subfield code="b">il. ; </subfield>
      <subfield code="a">125 p. : </subfield>
      <subfield code="a">254 p. : </subfield>
      <subfield code="a">326 p. : </subfield>
      <subfield code="a">213 p. : </subfield>
      <subfield code="b">il. ; </subfield>
      <subfield code="a">862 p. : </subfield>
      <subfield code="b">il. ; </subfield>
      <subfield code="a">383 p. : </subfield>
      <subfield code="b">il. ; </subfield>
      <subfield code="a">214 p. : </subfield>
      <subfield code="a">179 p. : </subfield>
      <subfield code="a">115 p. : </subfield>
      <subfield code="a">240 p. : </subfield>
      <subfield code="a">142 p. : </subfield>
      <subfield code="b">il. ; </subfield>
      <subfield code="a">56 p. : </subfield>
      <subfield code="a">154 p. : </subfield>
      <subfield code="b">il. ; </subfield>
      <subfield code="a">175 p. : </subfield>
      <subfield code="a">287 p. : </subfield>
      <subfield code="b">cuadros ; </subfield>
      <subfield code="a">78 p. : </subfield>
      <subfield code="b">cuadros ; </subfield>
      <subfield code="e">1 disquete (3 ½) en bolsillo</subfield>
    </datafield>
    <datafield tag="650" ind1=" " ind2=" ">
      <subfield code="a"> ECONOMIA AGRARIA</subfield>
    </datafield>
    <datafield tag="650" ind1=" " ind2=" ">
      <subfield code="a"> EVALUACION FINANCIERA</subfield>
    </datafield>
    <datafield tag="942" ind1=" " ind2=" ">
      <subfield code="c">BK</subfield>
    </datafield>
    <datafield tag="952" ind1=" " ind2=" ">
      <subfield code="a">BIB_RECT</subfield>
      <subfield code="b">BIB_UACO</subfield>
      <subfield code="d">2008-05-05</subfield>
      <subfield code="y">BK</subfield>
      <subfield code="p">02-35431</subfield>
      <subfield code="i">02-35431</subfield>
      <subfield code="g">85.14</subfield>
      <subfield code="o">631.16 R763e</subfield>
      <subfield code="e">Compra Contrato Programa</subfield>
      <subfield code="8">CG</subfield>
    </datafield>
  </record>