
  <record>
    <leader>01000aam  22002601a 4500</leader>
    <controlfield tag="001">YPZ88570</controlfield>
    <controlfield tag="003">YPZ</controlfield>
    <controlfield tag="005">200805131057320</controlfield>
    <controlfield tag="008">080513|###########||||||b||||||||||spa|d</controlfield>
    <datafield tag="020" ind1=" " ind2=" ">
      <subfield code="a">927571035X</subfield>
    </datafield>
    <datafield tag="040" ind1=" " ind2=" ">
      <subfield code="c">SIUNPA</subfield>
    </datafield>
    <datafield tag="041" ind1=" " ind2=" ">
      <subfield code="a">spa</subfield>
    </datafield>
    <datafield tag="044" ind1=" " ind2=" ">
      <subfield code="a">US</subfield>
    </datafield>
    <datafield tag="080" ind1=" " ind2=" ">
      <subfield code="a">616.2 O686a</subfield>
    </datafield>
    <datafield tag="110" ind1=" " ind2=" ">
      <subfield code="a">Organización Panamericana de la Salud. Programa para el Control de Infecciones Respiratorias Agudas.</subfield>
    </datafield>
    <datafield tag="245" ind1=" " ind2=" ">
      <subfield code="a">Atención del niño con infección respiratoria aguda</subfield>
    </datafield>
    <datafield tag="260" ind1=" " ind2=" ">
      <subfield code="a">Washington, D.C.</subfield>
      <subfield code="b"> : Organización Panamericana de la Salud</subfield>
      <subfield code="c"> , 1992</subfield>
    </datafield>
    <datafield tag="440" ind1=" " ind2=" ">
      <subfield code="a">Biblioteca nuevas orientaciones de la educación</subfield>
      <subfield code="a">Clásicos Troquel</subfield>
      <subfield code="a">Serie Paltex para técnicos medios y auxiliares</subfield>
      <subfield code="v">21</subfield>
    </datafield>
    <datafield tag="490" ind1=" " ind2=" ">
      <subfield code="a">Biblioteca nuevas orientaciones de la educación</subfield>
      <subfield code="a">Clásicos Troquel</subfield>
      <subfield code="a">Serie Paltex para técnicos medios y auxiliares</subfield>
      <subfield code="v">21</subfield>
    </datafield>
    <datafield tag="500" ind1=" " ind2=" ">
      <subfield code="a">Tít. de partida: Curso sobre habilidades de supervisión del programa IRA</subfield>
    </datafield>
    <datafield tag="650" ind1=" " ind2=" ">
      <subfield code="a"> ENFERMEDADES DEL APARATO RESPIRATORIO</subfield>
    </datafield>
    <datafield tag="650" ind1=" " ind2=" ">
      <subfield code="a"> NIÑO</subfield>
    </datafield>
    <datafield tag="942" ind1=" " ind2=" ">
      <subfield code="c">BK</subfield>
    </datafield>
    <datafield tag="952" ind1=" " ind2=" ">
      <subfield code="a">BIB_RECT</subfield>
      <subfield code="b">BIB_UARG</subfield>
      <subfield code="d">2008-05-12</subfield>
      <subfield code="y">BK</subfield>
      <subfield code="p">05-16829</subfield>
      <subfield code="i">05-16829</subfield>
      <subfield code="g">22</subfield>
      <subfield code="o">616.2 O686a</subfield>
      <subfield code="e">RE, CECILIA/02</subfield>
      <subfield code="8">CG</subfield>
    </datafield>
  </record>