
  <record>
    <leader>01000aam  22002601a 4500</leader>
    <controlfield tag="001">YPZ88613</controlfield>
    <controlfield tag="003">YPZ</controlfield>
    <controlfield tag="005">200805141244560</controlfield>
    <controlfield tag="008">080514|###########||||||b||||||||||spa|d</controlfield>
    <datafield tag="040" ind1=" " ind2=" ">
      <subfield code="c">SIUNPA</subfield>
    </datafield>
    <datafield tag="041" ind1=" " ind2=" ">
      <subfield code="a">spa</subfield>
    </datafield>
    <datafield tag="044" ind1=" " ind2=" ">
      <subfield code="a">AR</subfield>
    </datafield>
    <datafield tag="080" ind1=" " ind2=" ">
      <subfield code="a">574.583 A881a</subfield>
    </datafield>
    <datafield tag="245" ind1=" " ind2=" ">
      <subfield code="a">Atlas del zooplancton del Atlántico sudoccidental y métodos de trabajo con el zooplancton marino</subfield>
      <subfield code="c"> / Boltovskoy, Demetrio, ed.</subfield>
    </datafield>
    <datafield tag="260" ind1=" " ind2=" ">
      <subfield code="a">Mar del Plata</subfield>
      <subfield code="b"> : INIDEP</subfield>
      <subfield code="c"> , 1981</subfield>
    </datafield>
    <datafield tag="650" ind1=" " ind2=" ">
      <subfield code="a"> ZOOPLANCTON</subfield>
    </datafield>
    <datafield tag="650" ind1=" " ind2=" ">
      <subfield code="a"> ARGENTINA</subfield>
    </datafield>
    <datafield tag="650" ind1=" " ind2=" ">
      <subfield code="a"> FAUNA MARINA</subfield>
    </datafield>
    <datafield tag="942" ind1=" " ind2=" ">
      <subfield code="c">BK</subfield>
    </datafield>
    <datafield tag="952" ind1=" " ind2=" ">
      <subfield code="a">BIB_RECT</subfield>
      <subfield code="b">BIB_UASJ</subfield>
      <subfield code="d">2012-10-03</subfield>
      <subfield code="y">BK</subfield>
      <subfield code="p">04-43196</subfield>
      <subfield code="i">04-43196</subfield>
      <subfield code="g">120</subfield>
      <subfield code="o">574.583 A881a</subfield>
      <subfield code="e">Donación Prof. Rajoy, Carlos</subfield>
      <subfield code="8">CG</subfield>
    </datafield>
    <datafield tag="952" ind1=" " ind2=" ">
      <subfield code="a">BIB_RECT</subfield>
      <subfield code="b">BIB_UARG</subfield>
      <subfield code="d">2008-05-14</subfield>
      <subfield code="y">BK</subfield>
      <subfield code="p">05-09834</subfield>
      <subfield code="i">05-09834</subfield>
      <subfield code="g">89</subfield>
      <subfield code="o">574.583 A881a</subfield>
      <subfield code="e">INIDEP/96</subfield>
      <subfield code="8">CG</subfield>
    </datafield>
    <datafield tag="952" ind1=" " ind2=" ">
      <subfield code="a">BIB_RECT</subfield>
      <subfield code="b">BIB_UARG</subfield>
      <subfield code="d">2008-02-25</subfield>
      <subfield code="y">BK</subfield>
      <subfield code="p">05-35560</subfield>
      <subfield code="i">05-35560</subfield>
      <subfield code="g">89</subfield>
      <subfield code="o">574.583 A881a</subfield>
      <subfield code="e">INIDEP</subfield>
      <subfield code="8">CG</subfield>
    </datafield>
  </record>