
  <record>
    <leader>01000aam  22002601a 4500</leader>
    <controlfield tag="001">YPZ88617</controlfield>
    <controlfield tag="003">YPZ</controlfield>
    <controlfield tag="005">200805141405470</controlfield>
    <controlfield tag="008">080514|###########||||||b||||||||||spa|d</controlfield>
    <datafield tag="020" ind1=" " ind2=" ">
      <subfield code="a">9509413186</subfield>
    </datafield>
    <datafield tag="040" ind1=" " ind2=" ">
      <subfield code="c">SIUNPA</subfield>
    </datafield>
    <datafield tag="041" ind1=" " ind2=" ">
      <subfield code="a">spa</subfield>
      <subfield code="a">qu</subfield>
    </datafield>
    <datafield tag="044" ind1=" " ind2=" ">
      <subfield code="a">AR</subfield>
    </datafield>
    <datafield tag="080" ind1=" " ind2=" ">
      <subfield code="a">821.873.122 T765t</subfield>
    </datafield>
    <datafield tag="100" ind1=" " ind2=" ">
      <subfield code="a">Lara, Jesús, versión en español y estudio prelim..</subfield>
    </datafield>
    <datafield tag="245" ind1=" " ind2=" ">
      <subfield code="a">Tragedia del fin de Atawallpa</subfield>
    </datafield>
    <datafield tag="246" ind1=" " ind2=" ">
      <subfield code="a">Atau Wallpaj p'uchukakuyninpa wankan.</subfield>
    </datafield>
    <datafield tag="250" ind1=" " ind2=" ">
      <subfield code="a">1a ed., 2a reimpr.</subfield>
    </datafield>
    <datafield tag="260" ind1=" " ind2=" ">
      <subfield code="a">Buenos Aires</subfield>
      <subfield code="b"> : Del Sol</subfield>
      <subfield code="c"> , 2005</subfield>
    </datafield>
    <datafield tag="440" ind1=" " ind2=" ">
      <subfield code="a">Biblioteca de cultura popular</subfield>
      <subfield code="v">11</subfield>
    </datafield>
    <datafield tag="490" ind1=" " ind2=" ">
      <subfield code="a">Biblioteca de cultura popular</subfield>
      <subfield code="v">11</subfield>
    </datafield>
    <datafield tag="500" ind1=" " ind2=" ">
      <subfield code="a">Edición bilingüe quechua-español</subfield>
    </datafield>
    <datafield tag="650" ind1=" " ind2=" ">
      <subfield code="a"> LITERATURA INCA</subfield>
    </datafield>
    <datafield tag="650" ind1=" " ind2=" ">
      <subfield code="a"> TEATRO</subfield>
    </datafield>
    <datafield tag="650" ind1=" " ind2=" ">
      <subfield code="a"> ATAHUALPA (1500</subfield>
    </datafield>
    <datafield tag="650" ind1=" " ind2=" ">
      <subfield code="a">1533)</subfield>
    </datafield>
    <datafield tag="650" ind1=" " ind2=" ">
      <subfield code="a"> HISTORIA DE AMERICA LATINA</subfield>
    </datafield>
    <datafield tag="942" ind1=" " ind2=" ">
      <subfield code="c">BK</subfield>
    </datafield>
    <datafield tag="952" ind1=" " ind2=" ">
      <subfield code="a">BIB_RECT</subfield>
      <subfield code="b">BIB_UARG</subfield>
      <subfield code="d">2008-02-25</subfield>
      <subfield code="y">BK</subfield>
      <subfield code="p">05-35545</subfield>
      <subfield code="i">05-35545</subfield>
      <subfield code="g">22</subfield>
      <subfield code="o">821.873.122 T765t</subfield>
      <subfield code="e">Compra UE/UARG</subfield>
      <subfield code="8">CG</subfield>
    </datafield>
    <datafield tag="952" ind1=" " ind2=" ">
      <subfield code="a">BIB_RECT</subfield>
      <subfield code="b">BIB_UARG</subfield>
      <subfield code="d">2008-05-15</subfield>
      <subfield code="y">BK</subfield>
      <subfield code="p">05-35546</subfield>
      <subfield code="i">05-35546</subfield>
      <subfield code="g">25</subfield>
      <subfield code="o">821.873.122 T765t</subfield>
      <subfield code="e">Compra UE</subfield>
      <subfield code="8">CG</subfield>
    </datafield>
    <datafield tag="952" ind1=" " ind2=" ">
      <subfield code="a">BIB_RECT</subfield>
      <subfield code="b">BIB_UARG</subfield>
      <subfield code="d">2012-08-23</subfield>
      <subfield code="y">BK</subfield>
      <subfield code="p">05-42916</subfield>
      <subfield code="i">05-42916</subfield>
      <subfield code="g">46</subfield>
      <subfield code="o">821.873.122 T765t</subfield>
      <subfield code="e">Compra SIUNPA</subfield>
      <subfield code="8">CG</subfield>
    </datafield>
  </record>