
  <record>
    <leader>01000aam  22002601a 4500</leader>
    <controlfield tag="001">YPZ88650</controlfield>
    <controlfield tag="003">YPZ</controlfield>
    <controlfield tag="005">200805161240590</controlfield>
    <controlfield tag="008">080516|###########||||||b||||||||||spa|d</controlfield>
    <datafield tag="040" ind1=" " ind2=" ">
      <subfield code="c">SIUNPA</subfield>
    </datafield>
    <datafield tag="041" ind1=" " ind2=" ">
      <subfield code="a">spa</subfield>
    </datafield>
    <datafield tag="044" ind1=" " ind2=" ">
      <subfield code="a">AR</subfield>
    </datafield>
    <datafield tag="080" ind1=" " ind2=" ">
      <subfield code="a">821.113.5 I14p</subfield>
    </datafield>
    <datafield tag="100" ind1=" " ind2=" ">
      <subfield code="a">Ibsen Henrik.</subfield>
    </datafield>
    <datafield tag="245" ind1=" " ind2=" ">
      <subfield code="a">El pato salvaje</subfield>
      <subfield code="c"> / Lafforgue, Jorge, estudio prelim. ; Wasteson, Else, tr. ; Winaerts, M., tr. ; Gómez de la Mata, Germán, tr.</subfield>
    </datafield>
    <datafield tag="260" ind1=" " ind2=" ">
      <subfield code="a">Buenos Aires</subfield>
      <subfield code="b"> : Centro Editor de América Latina</subfield>
      <subfield code="c"> , 1979</subfield>
    </datafield>
    <datafield tag="440" ind1=" " ind2=" ">
      <subfield code="a">Psicometría y psicodiagnóstico / Paidós</subfield>
      <subfield code="a">Biblioteca básica universal</subfield>
      <subfield code="v">80</subfield>
    </datafield>
    <datafield tag="490" ind1=" " ind2=" ">
      <subfield code="a">Psicometría y psicodiagnóstico / Paidós</subfield>
      <subfield code="a">Biblioteca básica universal</subfield>
      <subfield code="v">80</subfield>
    </datafield>
    <datafield tag="650" ind1=" " ind2=" ">
      <subfield code="a"> LITERATURA NORUEGA</subfield>
    </datafield>
    <datafield tag="650" ind1=" " ind2=" ">
      <subfield code="a"> TEATRO</subfield>
    </datafield>
    <datafield tag="942" ind1=" " ind2=" ">
      <subfield code="c">BK</subfield>
    </datafield>
    <datafield tag="952" ind1=" " ind2=" ">
      <subfield code="a">BIB_RECT</subfield>
      <subfield code="b">BIB_UARG</subfield>
      <subfield code="d">2008-05-16</subfield>
      <subfield code="y">BK</subfield>
      <subfield code="p">05-03394</subfield>
      <subfield code="i">05-03394</subfield>
      <subfield code="g">10</subfield>
      <subfield code="o">821.113.5 I14p</subfield>
      <subfield code="e">PATARO ZALIBOSKY, ESTANISLADA</subfield>
      <subfield code="8">CG</subfield>
    </datafield>
  </record>