
  <record>
    <leader>01000aam  22002601a 4500</leader>
    <controlfield tag="001">YPZ88679</controlfield>
    <controlfield tag="003">YPZ</controlfield>
    <controlfield tag="005">200805191500230</controlfield>
    <controlfield tag="008">080519|###########||||||b||||||||||spa|d</controlfield>
    <datafield tag="020" ind1=" " ind2=" ">
      <subfield code="a">0764598376</subfield>
    </datafield>
    <datafield tag="040" ind1=" " ind2=" ">
      <subfield code="c">SIUNPA</subfield>
    </datafield>
    <datafield tag="041" ind1=" " ind2=" ">
      <subfield code="a">eng</subfield>
    </datafield>
    <datafield tag="044" ind1=" " ind2=" ">
      <subfield code="a">US</subfield>
    </datafield>
    <datafield tag="080" ind1=" " ind2=" ">
      <subfield code="a">004.415.53 P462e3</subfield>
    </datafield>
    <datafield tag="100" ind1=" " ind2=" ">
      <subfield code="a">Perry, William E..</subfield>
    </datafield>
    <datafield tag="245" ind1=" " ind2=" ">
      <subfield code="a">Effective methods for software testing</subfield>
    </datafield>
    <datafield tag="250" ind1=" " ind2=" ">
      <subfield code="a">3rd ed.</subfield>
    </datafield>
    <datafield tag="260" ind1=" " ind2=" ">
      <subfield code="a">Indianapolis, Ind.</subfield>
      <subfield code="b"> : Wiley</subfield>
      <subfield code="c"> , 2006</subfield>
    </datafield>
    <datafield tag="300" ind1=" " ind2=" ">
      <subfield code="a">183 p. : </subfield>
      <subfield code="a">149 p. : </subfield>
      <subfield code="a">184 p. : </subfield>
      <subfield code="a">xiv, 217 p. : </subfield>
      <subfield code="b">il. ; </subfield>
      <subfield code="a">229 p. : </subfield>
      <subfield code="a">v, 116 p. : </subfield>
      <subfield code="b">il. ; </subfield>
      <subfield code="a">151 p. : </subfield>
      <subfield code="a">126 p. : </subfield>
      <subfield code="a">180 p. : </subfield>
      <subfield code="a">150 p. : </subfield>
      <subfield code="a">185 p. : </subfield>
      <subfield code="a">540 p. : </subfield>
      <subfield code="a">174 p. : </subfield>
      <subfield code="a">398 p. : </subfield>
      <subfield code="a">167 p. : </subfield>
      <subfield code="a">394 p. : </subfield>
      <subfield code="b">il. ; </subfield>
      <subfield code="a">62 p. : </subfield>
      <subfield code="b">il. ; </subfield>
      <subfield code="a">206 p. : </subfield>
      <subfield code="b">cuadros ; </subfield>
      <subfield code="a">xvi, 483 p. : </subfield>
      <subfield code="a">126 p. : </subfield>
      <subfield code="b">il. ; </subfield>
      <subfield code="a">288 p. : </subfield>
      <subfield code="b">il. ; </subfield>
      <subfield code="a">203 p. : </subfield>
      <subfield code="a">215 p. : </subfield>
      <subfield code="a">340 p. : </subfield>
      <subfield code="a">522 p. : </subfield>
      <subfield code="a">230 p. : </subfield>
      <subfield code="b">il. ; </subfield>
      <subfield code="a">2 v. : </subfield>
      <subfield code="a">102 p. : </subfield>
      <subfield code="a">118 p. : </subfield>
      <subfield code="a">497 p. : </subfield>
      <subfield code="a">153 p. : </subfield>
      <subfield code="a">109 p. : </subfield>
      <subfield code="a">111 p. : </subfield>
      <subfield code="b">il. ; </subfield>
      <subfield code="a">152 p. : </subfield>
      <subfield code="a">156 p. : </subfield>
      <subfield code="a">131 p. : </subfield>
      <subfield code="a">91 p. : </subfield>
      <subfield code="a">122 p. : </subfield>
      <subfield code="a">122 p. : </subfield>
      <subfield code="a">2 v. : </subfield>
      <subfield code="a">225 p. : </subfield>
      <subfield code="a">225 p. : </subfield>
      <subfield code="a">89 p. : </subfield>
      <subfield code="a">139 p. : </subfield>
      <subfield code="a">237 p. : </subfield>
      <subfield code="a">101 p. : </subfield>
      <subfield code="a">232 p. : </subfield>
      <subfield code="a">xxix, 936 p. : </subfield>
      <subfield code="b">il. ; </subfield>
      <subfield code="a">104 p. : </subfield>
      <subfield code="b">il. ; </subfield>
      <subfield code="a">125 p. : </subfield>
      <subfield code="b">il. ; </subfield>
      <subfield code="a">2 v. : </subfield>
      <subfield code="a">147 p. : </subfield>
      <subfield code="b">il. ; </subfield>
      <subfield code="a">v. : </subfield>
      <subfield code="a">175 p. : </subfield>
      <subfield code="a">221 p. : </subfield>
      <subfield code="b">il. ; </subfield>
      <subfield code="a">158 p. : </subfield>
      <subfield code="b">il. ; </subfield>
      <subfield code="a">244 p. : </subfield>
      <subfield code="b">il. ; </subfield>
      <subfield code="a">225 p. : </subfield>
      <subfield code="b">il. ; </subfield>
      <subfield code="a">78 p. : </subfield>
      <subfield code="b">il. ; </subfield>
      <subfield code="a">57 p. : </subfield>
      <subfield code="b">il. ; </subfield>
      <subfield code="a">166 p. : </subfield>
      <subfield code="b">il. ; </subfield>
      <subfield code="a">131 p. : </subfield>
      <subfield code="a">437 p. : </subfield>
      <subfield code="a">365 p. : </subfield>
      <subfield code="b">cuadros, gráf. ; </subfield>
      <subfield code="a">451 p. : </subfield>
      <subfield code="a">xiv, 362 p. : </subfield>
      <subfield code="b">il. ; </subfield>
      <subfield code="a">xxix, 562 p. : </subfield>
      <subfield code="b">il. ; </subfield>
      <subfield code="a">116 p. : </subfield>
      <subfield code="a">107 p. : </subfield>
      <subfield code="a">495 p. : </subfield>
      <subfield code="a">124 p. : </subfield>
      <subfield code="a">2 v. : </subfield>
      <subfield code="a">315 p. : </subfield>
      <subfield code="a">194 p. : </subfield>
      <subfield code="a">340 p. : </subfield>
      <subfield code="a">1 conjunto en sobre : </subfield>
      <subfield code="a">ix, 99 p. : </subfield>
      <subfield code="a">206 p. : </subfield>
      <subfield code="b">il. ; </subfield>
      <subfield code="a">xxi, 402 p. : </subfield>
      <subfield code="a">223 p. : </subfield>
      <subfield code="a">133 p. : </subfield>
      <subfield code="b">il. ; </subfield>
      <subfield code="a">178 p. : </subfield>
      <subfield code="a">153 p. : </subfield>
      <subfield code="a">132 p. : </subfield>
      <subfield code="a">168 p. : </subfield>
      <subfield code="a">99 p. : </subfield>
      <subfield code="a">459 p. : </subfield>
      <subfield code="a">463 p. : </subfield>
      <subfield code="a">112 p. : </subfield>
      <subfield code="a">211 p. : </subfield>
      <subfield code="a">xx, 384 p. : </subfield>
      <subfield code="a">xlix, 618 p. : </subfield>
      <subfield code="b">il. ; </subfield>
      <subfield code="a">xiv, 264 p. : </subfield>
      <subfield code="b">il. ; </subfield>
      <subfield code="a">xxiv, [678] p. en varias paginaciones : </subfield>
      <subfield code="b">il. ; </subfield>
      <subfield code="a">vi, 548 p. : </subfield>
      <subfield code="a">xi, 305 p. : </subfield>
      <subfield code="b">il. ; </subfield>
      <subfield code="a">xviii, 348 p. : </subfield>
      <subfield code="b">il. ; </subfield>
      <subfield code="a">xxi, 1180 p. : </subfield>
      <subfield code="b">il. ; </subfield>
      <subfield code="a">xxiii, 619 p. : </subfield>
      <subfield code="b">il. ; </subfield>
      <subfield code="a">xxii, 1341 p. : </subfield>
      <subfield code="b">il. ; </subfield>
      <subfield code="a">xxiv, 852 p. : </subfield>
      <subfield code="a">xxvii, 973 p. : </subfield>
      <subfield code="b">il. ; </subfield>
      <subfield code="e">1 CD-ROM en bolsillo</subfield>
    </datafield>
    <datafield tag="500" ind1=" " ind2=" ">
      <subfield code="a">Título de la cubierta: includes complete guidelines and checklists</subfield>
    </datafield>
    <datafield tag="500" ind1=" " ind2=" ">
      <subfield code="a">The CD contains work papers and quality control checklists your organization needs to implement an effective software testing process</subfield>
    </datafield>
    <datafield tag="650" ind1=" " ind2=" ">
      <subfield code="a"> TESTEO DE SOFTWARE</subfield>
    </datafield>
    <datafield tag="942" ind1=" " ind2=" ">
      <subfield code="c">BK</subfield>
    </datafield>
    <datafield tag="952" ind1=" " ind2=" ">
      <subfield code="a">BIB_RECT</subfield>
      <subfield code="b">BIB_UACO</subfield>
      <subfield code="d">2008-05-14</subfield>
      <subfield code="y">BK</subfield>
      <subfield code="p">02-35616</subfield>
      <subfield code="i">02-35616</subfield>
      <subfield code="g">192</subfield>
      <subfield code="o">004.415.53 P462e3</subfield>
      <subfield code="e">Compra Contrato Programa</subfield>
      <subfield code="8">CG</subfield>
    </datafield>
    <datafield tag="952" ind1=" " ind2=" ">
      <subfield code="a">BIB_RECT</subfield>
      <subfield code="b">BIB_UACO</subfield>
      <subfield code="d">2008-05-14</subfield>
      <subfield code="y">BK</subfield>
      <subfield code="p">02-35617</subfield>
      <subfield code="i">02-35617</subfield>
      <subfield code="g">192</subfield>
      <subfield code="o">004.415.53 P462e3</subfield>
      <subfield code="e">Compra Contrato Programa</subfield>
      <subfield code="8">CG</subfield>
    </datafield>
    <datafield tag="952" ind1=" " ind2=" ">
      <subfield code="a">BIB_RECT</subfield>
      <subfield code="b">BIB_UART</subfield>
      <subfield code="d">2008-05-16</subfield>
      <subfield code="y">BK</subfield>
      <subfield code="p">03-35665</subfield>
      <subfield code="i">03-35665</subfield>
      <subfield code="g">192</subfield>
      <subfield code="o">004.415.53 P462e3</subfield>
      <subfield code="e">Compra Contrato Programa</subfield>
      <subfield code="8">CG</subfield>
    </datafield>
    <datafield tag="952" ind1=" " ind2=" ">
      <subfield code="a">BIB_RECT</subfield>
      <subfield code="b">BIB_UARG</subfield>
      <subfield code="d">2008-05-19</subfield>
      <subfield code="y">BK</subfield>
      <subfield code="p">05-35539</subfield>
      <subfield code="i">05-35539</subfield>
      <subfield code="g">192</subfield>
      <subfield code="o">004.415.53 P462e3</subfield>
      <subfield code="e">Compra Contrato Programa</subfield>
      <subfield code="8">CG</subfield>
    </datafield>
  </record>