
  <record>
    <leader>01000aam  22002601a 4500</leader>
    <controlfield tag="001">YPZ88681</controlfield>
    <controlfield tag="003">YPZ</controlfield>
    <controlfield tag="005">200805191603180</controlfield>
    <controlfield tag="008">080519|###########||||||b||||||||||spa|d</controlfield>
    <datafield tag="020" ind1=" " ind2=" ">
      <subfield code="a">0262112558</subfield>
    </datafield>
    <datafield tag="040" ind1=" " ind2=" ">
      <subfield code="c">SIUNPA</subfield>
    </datafield>
    <datafield tag="041" ind1=" " ind2=" ">
      <subfield code="a">eng</subfield>
    </datafield>
    <datafield tag="044" ind1=" " ind2=" ">
      <subfield code="a">US</subfield>
    </datafield>
    <datafield tag="080" ind1=" " ind2=" ">
      <subfield code="a">004.8 K258l</subfield>
    </datafield>
    <datafield tag="100" ind1=" " ind2=" ">
      <subfield code="a">Kecman, Vojislav.</subfield>
    </datafield>
    <datafield tag="245" ind1=" " ind2=" ">
      <subfield code="a">Learning and soft computing</subfield>
      <subfield code="b"> : support vector machines, neural networks, and fuzzy logic Models</subfield>
    </datafield>
    <datafield tag="260" ind1=" " ind2=" ">
      <subfield code="a">Cambridge, Mass.</subfield>
      <subfield code="b"> : MIT Press</subfield>
      <subfield code="c"> , 2001</subfield>
    </datafield>
    <datafield tag="650" ind1=" " ind2=" ">
      <subfield code="a"> INTELIGENCIA ARTIFICIAL</subfield>
    </datafield>
    <datafield tag="650" ind1=" " ind2=" ">
      <subfield code="a"> REDES NEURONALES</subfield>
    </datafield>
    <datafield tag="650" ind1=" " ind2=" ">
      <subfield code="a"> SISTEMAS DIFUSOS</subfield>
    </datafield>
    <datafield tag="942" ind1=" " ind2=" ">
      <subfield code="c">BK</subfield>
    </datafield>
    <datafield tag="952" ind1=" " ind2=" ">
      <subfield code="a">BIB_RECT</subfield>
      <subfield code="b">BIB_UACO</subfield>
      <subfield code="d">2008-05-14</subfield>
      <subfield code="y">BK</subfield>
      <subfield code="p">02-35624</subfield>
      <subfield code="i">02-35624</subfield>
      <subfield code="g">246</subfield>
      <subfield code="o">004.8 K258l</subfield>
      <subfield code="e">Compra Contrato Programa</subfield>
      <subfield code="8">CG</subfield>
    </datafield>
    <datafield tag="952" ind1=" " ind2=" ">
      <subfield code="a">BIB_RECT</subfield>
      <subfield code="b">BIB_UACO</subfield>
      <subfield code="d">2008-05-14</subfield>
      <subfield code="y">BK</subfield>
      <subfield code="p">02-35625</subfield>
      <subfield code="i">02-35625</subfield>
      <subfield code="g">246</subfield>
      <subfield code="o">004.8 K258l</subfield>
      <subfield code="e">Compra Contrato Programa</subfield>
      <subfield code="8">CG</subfield>
    </datafield>
    <datafield tag="952" ind1=" " ind2=" ">
      <subfield code="a">BIB_RECT</subfield>
      <subfield code="b">BIB_UART</subfield>
      <subfield code="d">2008-05-16</subfield>
      <subfield code="y">BK</subfield>
      <subfield code="p">03-35670</subfield>
      <subfield code="i">03-35670</subfield>
      <subfield code="g">246</subfield>
      <subfield code="o">004.8 K258l</subfield>
      <subfield code="e">Compra Contrato Programa</subfield>
      <subfield code="8">CG</subfield>
    </datafield>
    <datafield tag="952" ind1=" " ind2=" ">
      <subfield code="a">BIB_RECT</subfield>
      <subfield code="b">BIB_UARG</subfield>
      <subfield code="d">2008-05-09</subfield>
      <subfield code="y">BK</subfield>
      <subfield code="p">05-35510</subfield>
      <subfield code="i">05-35510</subfield>
      <subfield code="g">246</subfield>
      <subfield code="o">004.8 K258l</subfield>
      <subfield code="e">Compra Contrato Programa</subfield>
      <subfield code="8">CG</subfield>
    </datafield>
  </record>