
  <record>
    <leader>01000aam  22002601a 4500</leader>
    <controlfield tag="001">YPZ88690</controlfield>
    <controlfield tag="003">YPZ</controlfield>
    <controlfield tag="005">200805201456150</controlfield>
    <controlfield tag="008">080520|###########||||||b||||||||||spa|d</controlfield>
    <datafield tag="020" ind1=" " ind2=" ">
      <subfield code="a">9780470025963</subfield>
    </datafield>
    <datafield tag="020" ind1=" " ind2=" ">
      <subfield code="a">0470025964</subfield>
    </datafield>
    <datafield tag="040" ind1=" " ind2=" ">
      <subfield code="c">SIUNPA</subfield>
    </datafield>
    <datafield tag="041" ind1=" " ind2=" ">
      <subfield code="a">eng</subfield>
    </datafield>
    <datafield tag="044" ind1=" " ind2=" ">
      <subfield code="a">UK</subfield>
    </datafield>
    <datafield tag="080" ind1=" " ind2=" ">
      <subfield code="a">004.738.52 S471s</subfield>
    </datafield>
    <datafield tag="245" ind1=" " ind2=" ">
      <subfield code="a">Semantic web technologies</subfield>
      <subfield code="b"> : trends and research in ontology-based systems</subfield>
      <subfield code="c"> / Davies, John, ed. ; Studer, Rudi, ed. ; Warren, Paul, ed.</subfield>
    </datafield>
    <datafield tag="260" ind1=" " ind2=" ">
      <subfield code="a">Londres</subfield>
      <subfield code="b"> : Wiley</subfield>
      <subfield code="c"> , reimpr. 2007</subfield>
    </datafield>
    <datafield tag="650" ind1=" " ind2=" ">
      <subfield code="a"> PAGINA WEB  INTERNET</subfield>
    </datafield>
    <datafield tag="650" ind1=" " ind2=" ">
      <subfield code="a"> WEB SEMANTICA</subfield>
    </datafield>
    <datafield tag="942" ind1=" " ind2=" ">
      <subfield code="c">BK</subfield>
    </datafield>
    <datafield tag="952" ind1=" " ind2=" ">
      <subfield code="a">BIB_RECT</subfield>
      <subfield code="b">BIB_UACO</subfield>
      <subfield code="d">2008-05-14</subfield>
      <subfield code="y">BK</subfield>
      <subfield code="p">02-35614</subfield>
      <subfield code="i">02-35614</subfield>
      <subfield code="g">399</subfield>
      <subfield code="o">004.738.52 S471s</subfield>
      <subfield code="e">Compra Contrato Programa</subfield>
      <subfield code="8">CG</subfield>
    </datafield>
    <datafield tag="952" ind1=" " ind2=" ">
      <subfield code="a">BIB_RECT</subfield>
      <subfield code="b">BIB_UACO</subfield>
      <subfield code="d">2008-05-14</subfield>
      <subfield code="y">BK</subfield>
      <subfield code="p">02-35615</subfield>
      <subfield code="i">02-35615</subfield>
      <subfield code="g">399</subfield>
      <subfield code="o">004.738.52 S471s</subfield>
      <subfield code="e">Compra Contrato Programa</subfield>
      <subfield code="8">CG</subfield>
    </datafield>
    <datafield tag="952" ind1=" " ind2=" ">
      <subfield code="a">BIB_RECT</subfield>
      <subfield code="b">BIB_UART</subfield>
      <subfield code="d">2008-05-16</subfield>
      <subfield code="y">BK</subfield>
      <subfield code="p">03-35682</subfield>
      <subfield code="i">03-35682</subfield>
      <subfield code="g">399</subfield>
      <subfield code="o">004.738.52 S471s</subfield>
      <subfield code="e">Compra Contrato Programa</subfield>
      <subfield code="8">CG</subfield>
    </datafield>
  </record>