
  <record>
    <leader>01000aam  22002601a 4500</leader>
    <controlfield tag="001">YPZ88692</controlfield>
    <controlfield tag="003">YPZ</controlfield>
    <controlfield tag="005">200805201554350</controlfield>
    <controlfield tag="008">080520|###########||||||b||||||||||spa|d</controlfield>
    <datafield tag="020" ind1=" " ind2=" ">
      <subfield code="a">0863802648</subfield>
    </datafield>
    <datafield tag="040" ind1=" " ind2=" ">
      <subfield code="c">SIUNPA</subfield>
    </datafield>
    <datafield tag="041" ind1=" " ind2=" ">
      <subfield code="a">eng</subfield>
    </datafield>
    <datafield tag="044" ind1=" " ind2=" ">
      <subfield code="a">UK</subfield>
    </datafield>
    <datafield tag="080" ind1=" " ind2=" ">
      <subfield code="a">519.71 L738m</subfield>
    </datafield>
    <datafield tag="100" ind1=" " ind2=" ">
      <subfield code="a">Liu, Giuo Ping.</subfield>
    </datafield>
    <datafield tag="700" ind1=" " ind2=" ">
      <subfield code="a">Yang, Jian-Bo.</subfield>
    </datafield>
    <datafield tag="700" ind1=" " ind2=" ">
      <subfield code="a">Whidborne, James Ferris.</subfield>
    </datafield>
    <datafield tag="245" ind1=" " ind2=" ">
      <subfield code="a">Multiobjective optimisation and control</subfield>
    </datafield>
    <datafield tag="260" ind1=" " ind2=" ">
      <subfield code="a">Hertfordshire</subfield>
      <subfield code="b"> : Research Studies Press</subfield>
      <subfield code="c"> , 2003</subfield>
    </datafield>
    <datafield tag="440" ind1=" " ind2=" ">
      <subfield code="a">Natural computing series</subfield>
      <subfield code="a">Foundations of computing series</subfield>
      <subfield code="a">Wiley series in agent technology</subfield>
      <subfield code="a">Complex adaptative systems</subfield>
      <subfield code="a">The Morgan Kaufmann series in evolutionary computation</subfield>
      <subfield code="a">IFIP, International Federation for Information Processing series</subfield>
      <subfield code="a">Engineering systems modelling and control series</subfield>
      <subfield code="v">4</subfield>
    </datafield>
    <datafield tag="490" ind1=" " ind2=" ">
      <subfield code="a">Natural computing series</subfield>
      <subfield code="a">Foundations of computing series</subfield>
      <subfield code="a">Wiley series in agent technology</subfield>
      <subfield code="a">Complex adaptative systems</subfield>
      <subfield code="a">The Morgan Kaufmann series in evolutionary computation</subfield>
      <subfield code="a">IFIP, International Federation for Information Processing series</subfield>
      <subfield code="a">Engineering systems modelling and control series</subfield>
      <subfield code="v">4</subfield>
    </datafield>
    <datafield tag="650" ind1=" " ind2=" ">
      <subfield code="a"> SISTEMAS DE CONTROL</subfield>
    </datafield>
    <datafield tag="650" ind1=" " ind2=" ">
      <subfield code="a"> SISTEMAS AUTOORGANIZATIVOS</subfield>
    </datafield>
    <datafield tag="942" ind1=" " ind2=" ">
      <subfield code="c">BK</subfield>
    </datafield>
    <datafield tag="952" ind1=" " ind2=" ">
      <subfield code="a">BIB_RECT</subfield>
      <subfield code="b">BIB_UACO</subfield>
      <subfield code="d">2008-05-14</subfield>
      <subfield code="y">BK</subfield>
      <subfield code="p">02-35595</subfield>
      <subfield code="i">02-35595</subfield>
      <subfield code="g">361</subfield>
      <subfield code="o">519.71 L738m</subfield>
      <subfield code="e">Compra Contrato Programa</subfield>
      <subfield code="8">CG</subfield>
    </datafield>
    <datafield tag="952" ind1=" " ind2=" ">
      <subfield code="a">BIB_RECT</subfield>
      <subfield code="b">BIB_UACO</subfield>
      <subfield code="d">2008-05-14</subfield>
      <subfield code="y">BK</subfield>
      <subfield code="p">02-35596</subfield>
      <subfield code="i">02-35596</subfield>
      <subfield code="g">361</subfield>
      <subfield code="o">519.71 L738m</subfield>
      <subfield code="e">Compra Contrato Programa</subfield>
      <subfield code="8">CG</subfield>
    </datafield>
    <datafield tag="952" ind1=" " ind2=" ">
      <subfield code="a">BIB_RECT</subfield>
      <subfield code="b">BIB_UART</subfield>
      <subfield code="d">2008-05-16</subfield>
      <subfield code="y">BK</subfield>
      <subfield code="p">03-35663</subfield>
      <subfield code="i">03-35663</subfield>
      <subfield code="g">361</subfield>
      <subfield code="o">519.71 L738m</subfield>
      <subfield code="e">Compra Contrato Programa</subfield>
      <subfield code="8">CG</subfield>
    </datafield>
  </record>