
  <record>
    <leader>01000aam  22002601a 4500</leader>
    <controlfield tag="001">YPZ88707</controlfield>
    <controlfield tag="003">YPZ</controlfield>
    <controlfield tag="005">200805211634390</controlfield>
    <controlfield tag="008">080521|###########||||||b||||||||||spa|d</controlfield>
    <datafield tag="020" ind1=" " ind2=" ">
      <subfield code="a">9507011412</subfield>
    </datafield>
    <datafield tag="040" ind1=" " ind2=" ">
      <subfield code="c">SIUNPA</subfield>
    </datafield>
    <datafield tag="041" ind1=" " ind2=" ">
      <subfield code="a">spa</subfield>
    </datafield>
    <datafield tag="044" ind1=" " ind2=" ">
      <subfield code="a">AR</subfield>
    </datafield>
    <datafield tag="080" ind1=" " ind2=" ">
      <subfield code="a">373.2 G643e2</subfield>
    </datafield>
    <datafield tag="100" ind1=" " ind2=" ">
      <subfield code="a">González Cuberes, María Teresa.</subfield>
    </datafield>
    <datafield tag="245" ind1=" " ind2=" ">
      <subfield code="a">Entre los pañales y las letras</subfield>
      <subfield code="b"> : acercamiento a la educación inicial</subfield>
    </datafield>
    <datafield tag="250" ind1=" " ind2=" ">
      <subfield code="a">2a ed.</subfield>
    </datafield>
    <datafield tag="260" ind1=" " ind2=" ">
      <subfield code="a">Buenos Aires</subfield>
      <subfield code="b"> : Aique</subfield>
      <subfield code="c"> , 1995</subfield>
    </datafield>
    <datafield tag="650" ind1=" " ind2=" ">
      <subfield code="a"> EDUCACION PREESCOLAR</subfield>
    </datafield>
    <datafield tag="650" ind1=" " ind2=" ">
      <subfield code="a"> EDUCACION DE LA PRIMERA INFANCIA</subfield>
    </datafield>
    <datafield tag="942" ind1=" " ind2=" ">
      <subfield code="c">BK</subfield>
    </datafield>
    <datafield tag="952" ind1=" " ind2=" ">
      <subfield code="a">BIB_RECT</subfield>
      <subfield code="b">BIB_UARG</subfield>
      <subfield code="d">2008-05-21</subfield>
      <subfield code="y">BK</subfield>
      <subfield code="p">05-15779</subfield>
      <subfield code="i">05-15779</subfield>
      <subfield code="g">24</subfield>
      <subfield code="o">373.2 G643e2</subfield>
      <subfield code="e">PRESIUNPA/01</subfield>
      <subfield code="8">CG</subfield>
    </datafield>
    <datafield tag="952" ind1=" " ind2=" ">
      <subfield code="a">BIB_RECT</subfield>
      <subfield code="b">BIB_UARG</subfield>
      <subfield code="d">2008-05-21</subfield>
      <subfield code="y">BK</subfield>
      <subfield code="p">05-15780</subfield>
      <subfield code="i">05-15780</subfield>
      <subfield code="g">24</subfield>
      <subfield code="o">373.2 G643e2</subfield>
      <subfield code="e">PRESIUNPA/01</subfield>
      <subfield code="8">CG</subfield>
    </datafield>
  </record>