
  <record>
    <leader>01000aam  22002601a 4500</leader>
    <controlfield tag="001">YPZ88715</controlfield>
    <controlfield tag="003">YPZ</controlfield>
    <controlfield tag="005">200805221032410</controlfield>
    <controlfield tag="008">080522|###########||||||b||||||||||spa|d</controlfield>
    <datafield tag="020" ind1=" " ind2=" ">
      <subfield code="a">9501260593</subfield>
    </datafield>
    <datafield tag="040" ind1=" " ind2=" ">
      <subfield code="c">SIUNPA</subfield>
    </datafield>
    <datafield tag="041" ind1=" " ind2=" ">
      <subfield code="a">spa</subfield>
    </datafield>
    <datafield tag="044" ind1=" " ind2=" ">
      <subfield code="a">AR</subfield>
    </datafield>
    <datafield tag="080" ind1=" " ind2=" ">
      <subfield code="a">159.9.072 R253t</subfield>
    </datafield>
    <datafield tag="100" ind1=" " ind2=" ">
      <subfield code="a">Raven, John C..</subfield>
    </datafield>
    <datafield tag="245" ind1=" " ind2=" ">
      <subfield code="a">Test de matrices progresivas</subfield>
      <subfield code="b"> : Cuaderno de matrices. Escala general. Series A, B, C, D y E</subfield>
    </datafield>
    <datafield tag="260" ind1=" " ind2=" ">
      <subfield code="a">Buenos Aires</subfield>
      <subfield code="b"> : Paidós</subfield>
      <subfield code="c"> , [c2001]</subfield>
    </datafield>
    <datafield tag="300" ind1=" " ind2=" ">
      <subfield code="a">ix, 378 p. : </subfield>
      <subfield code="b">il. ; </subfield>
      <subfield code="a">xxi, 842 p. : </subfield>
      <subfield code="b">il. ; </subfield>
      <subfield code="a">xii, 312 p. : </subfield>
      <subfield code="b">il. ; </subfield>
      <subfield code="a">xvii, 619 p. : </subfield>
      <subfield code="b">il. ; </subfield>
      <subfield code="a">xvi, 320 p. : </subfield>
      <subfield code="b">il. ; </subfield>
      <subfield code="a">xvii, 554 p. : </subfield>
      <subfield code="b">il. ; </subfield>
      <subfield code="a">xix, 438 p. : </subfield>
      <subfield code="b">il. ; </subfield>
      <subfield code="a">xxvii, 246 p. : </subfield>
      <subfield code="a">xvii, 366 p. : </subfield>
      <subfield code="b">il. ; </subfield>
      <subfield code="a">xv, 484 p. : </subfield>
      <subfield code="b">il. ; </subfield>
      <subfield code="a">xxvii, 350 p. : </subfield>
      <subfield code="b">il. ; </subfield>
      <subfield code="a">xxvii, [1320] p. en varias paginaciones : </subfield>
      <subfield code="b">il. ; </subfield>
      <subfield code="a">ix, 884 p. : </subfield>
      <subfield code="b">il. ; </subfield>
      <subfield code="a">xxv, 1474 p. : </subfield>
      <subfield code="b">il. ; </subfield>
      <subfield code="a">xix, 858 p. : </subfield>
      <subfield code="b">il. ; </subfield>
      <subfield code="a">158 p. : </subfield>
      <subfield code="a">238 p. : </subfield>
      <subfield code="b">il. ; </subfield>
      <subfield code="a">149 p. : </subfield>
      <subfield code="a">184 p. : </subfield>
      <subfield code="a">160 p. : </subfield>
      <subfield code="a">130 p. : </subfield>
      <subfield code="b">il. ; </subfield>
      <subfield code="a">257 p. : </subfield>
      <subfield code="a">272 p. : </subfield>
      <subfield code="a">345 p. : </subfield>
      <subfield code="a">352 p. : </subfield>
      <subfield code="a">105 p. : </subfield>
      <subfield code="a">333 p. : </subfield>
      <subfield code="b">il. ; </subfield>
      <subfield code="a">[64] p. : </subfield>
      <subfield code="b">il. ; </subfield>
      <subfield code="e">4 protocolos de prueba + 1 carpeta de evaluación + 1 plantilla de puntuación</subfield>
    </datafield>
    <datafield tag="500" ind1=" " ind2=" ">
      <subfield code="a">Falta la carpeta de evaluación en el 05-16658 (UARG)</subfield>
    </datafield>
    <datafield tag="650" ind1=" " ind2=" ">
      <subfield code="a"> TEST DE MATRICES PROGRESIVAS DE RAVEN</subfield>
    </datafield>
    <datafield tag="650" ind1=" " ind2=" ">
      <subfield code="a"> TESTS DE INTELIGENCIA</subfield>
    </datafield>
    <datafield tag="650" ind1=" " ind2=" ">
      <subfield code="a"> TESTS GRAFICOS</subfield>
    </datafield>
    <datafield tag="942" ind1=" " ind2=" ">
      <subfield code="c">BK</subfield>
    </datafield>
    <datafield tag="952" ind1=" " ind2=" ">
      <subfield code="a">BIB_RECT</subfield>
      <subfield code="b">BIB_UARG</subfield>
      <subfield code="d">2008-05-22</subfield>
      <subfield code="y">BK</subfield>
      <subfield code="p">05-11664</subfield>
      <subfield code="i">05-11664</subfield>
      <subfield code="g">38</subfield>
      <subfield code="o">159.9.072 R253t</subfield>
      <subfield code="e">FOMEC 585</subfield>
      <subfield code="8">CG</subfield>
    </datafield>
    <datafield tag="952" ind1=" " ind2=" ">
      <subfield code="a">BIB_RECT</subfield>
      <subfield code="b">BIB_UARG</subfield>
      <subfield code="d">2008-05-22</subfield>
      <subfield code="y">BK</subfield>
      <subfield code="p">05-16658</subfield>
      <subfield code="i">05-16658</subfield>
      <subfield code="g">38</subfield>
      <subfield code="o">159.9.072 R253t</subfield>
      <subfield code="e">Desconocido</subfield>
      <subfield code="8">CG</subfield>
    </datafield>
    <datafield tag="952" ind1=" " ind2=" ">
      <subfield code="a">BIB_RECT</subfield>
      <subfield code="b">BIB_UARG</subfield>
      <subfield code="d">2008-05-22</subfield>
      <subfield code="y">BK</subfield>
      <subfield code="p">05-35693</subfield>
      <subfield code="i">05-35693</subfield>
      <subfield code="g">38</subfield>
      <subfield code="o">159.9.072 R253t</subfield>
      <subfield code="e">Donación APEP/UIRG</subfield>
      <subfield code="8">CG</subfield>
    </datafield>
  </record>