
  <record>
    <leader>01000aam  22002601a 4500</leader>
    <controlfield tag="001">YPZ88718</controlfield>
    <controlfield tag="003">YPZ</controlfield>
    <controlfield tag="005">200805221059430</controlfield>
    <controlfield tag="008">080522|###########||||||b||||||||||spa|d</controlfield>
    <datafield tag="020" ind1=" " ind2=" ">
      <subfield code="a">9233010740</subfield>
    </datafield>
    <datafield tag="040" ind1=" " ind2=" ">
      <subfield code="c">SIUNPA</subfield>
    </datafield>
    <datafield tag="041" ind1=" " ind2=" ">
      <subfield code="a">spa</subfield>
    </datafield>
    <datafield tag="044" ind1=" " ind2=" ">
      <subfield code="a">FR</subfield>
    </datafield>
    <datafield tag="080" ind1=" " ind2=" ">
      <subfield code="a">061.1 U567i</subfield>
    </datafield>
    <datafield tag="100" ind1=" " ind2=" ">
      <subfield code="a">Unesco.</subfield>
    </datafield>
    <datafield tag="245" ind1=" " ind2=" ">
      <subfield code="a">Imagen de la Unesco</subfield>
    </datafield>
    <datafield tag="260" ind1=" " ind2=" ">
      <subfield code="a">París</subfield>
      <subfield code="b"> : Unesco</subfield>
      <subfield code="c"> , 1972</subfield>
    </datafield>
    <datafield tag="650" ind1=" " ind2=" ">
      <subfield code="a"> UNESCO</subfield>
    </datafield>
    <datafield tag="650" ind1=" " ind2=" ">
      <subfield code="a"> ORGANIZACIONES INTERNACIONALES</subfield>
    </datafield>
    <datafield tag="942" ind1=" " ind2=" ">
      <subfield code="c">BK</subfield>
    </datafield>
    <datafield tag="952" ind1=" " ind2=" ">
      <subfield code="a">BIB_RECT</subfield>
      <subfield code="b">BIB_UARG</subfield>
      <subfield code="d">2008-05-22</subfield>
      <subfield code="y">BK</subfield>
      <subfield code="p">05-01881</subfield>
      <subfield code="i">05-01881</subfield>
      <subfield code="g">20</subfield>
      <subfield code="o">061.1 U567i</subfield>
      <subfield code="e">UNESCO</subfield>
      <subfield code="8">CG</subfield>
    </datafield>
  </record>