
  <record>
    <leader>01000aam  22002601a 4500</leader>
    <controlfield tag="001">YPZ88758</controlfield>
    <controlfield tag="003">YPZ</controlfield>
    <controlfield tag="005">200805261834510</controlfield>
    <controlfield tag="008">080526|###########||||||b||||||||||spa|d</controlfield>
    <datafield tag="040" ind1=" " ind2=" ">
      <subfield code="c">SIUNPA</subfield>
    </datafield>
    <datafield tag="041" ind1=" " ind2=" ">
      <subfield code="a">spa</subfield>
    </datafield>
    <datafield tag="044" ind1=" " ind2=" ">
      <subfield code="a">ES</subfield>
    </datafield>
    <datafield tag="080" ind1=" " ind2=" ">
      <subfield code="a">821.112.2.09 M468l</subfield>
    </datafield>
    <datafield tag="100" ind1=" " ind2=" ">
      <subfield code="a">Mayer, Hans.</subfield>
    </datafield>
    <datafield tag="245" ind1=" " ind2=" ">
      <subfield code="a">La literatura alemana desde Thomas Mann</subfield>
      <subfield code="c"> / Lorenzo, María Pilar, tr.</subfield>
    </datafield>
    <datafield tag="260" ind1=" " ind2=" ">
      <subfield code="a">Madrid</subfield>
      <subfield code="b"> : Alianza</subfield>
      <subfield code="c"> , 1970</subfield>
    </datafield>
    <datafield tag="440" ind1=" " ind2=" ">
      <subfield code="a">Colección convivium</subfield>
      <subfield code="a">Colección ciencias económicas</subfield>
      <subfield code="a">Textos de difusión cultural. Serie rayuela internacional</subfield>
      <subfield code="a">Textos de difusión cultural. Serie rayuela internacional</subfield>
      <subfield code="a">El libro de bolsillo. Sección Literatura</subfield>
      <subfield code="v">257</subfield>
    </datafield>
    <datafield tag="490" ind1=" " ind2=" ">
      <subfield code="a">Colección convivium</subfield>
      <subfield code="a">Colección ciencias económicas</subfield>
      <subfield code="a">Textos de difusión cultural. Serie rayuela internacional</subfield>
      <subfield code="a">Textos de difusión cultural. Serie rayuela internacional</subfield>
      <subfield code="a">El libro de bolsillo. Sección Literatura</subfield>
      <subfield code="v">257</subfield>
    </datafield>
    <datafield tag="650" ind1=" " ind2=" ">
      <subfield code="a"> LITERATURA ALEMANA</subfield>
    </datafield>
    <datafield tag="650" ind1=" " ind2=" ">
      <subfield code="a"> CRITICA LITERARIA</subfield>
    </datafield>
    <datafield tag="650" ind1=" " ind2=" ">
      <subfield code="a"> HISTORIA DE LA LITERATURA</subfield>
    </datafield>
    <datafield tag="942" ind1=" " ind2=" ">
      <subfield code="c">BK</subfield>
    </datafield>
    <datafield tag="952" ind1=" " ind2=" ">
      <subfield code="a">BIB_RECT</subfield>
      <subfield code="b">BIB_UASJ</subfield>
      <subfield code="d">2008-05-22</subfield>
      <subfield code="y">BK</subfield>
      <subfield code="p">04-35706</subfield>
      <subfield code="i">04-35706</subfield>
      <subfield code="g">35</subfield>
      <subfield code="o">821.112.2.09 M468l</subfield>
      <subfield code="e">Donación México</subfield>
      <subfield code="8">CG</subfield>
    </datafield>
  </record>