
  <record>
    <leader>01000aam  22002601a 4500</leader>
    <controlfield tag="001">YPZ88780</controlfield>
    <controlfield tag="003">YPZ</controlfield>
    <controlfield tag="005">200805271612320</controlfield>
    <controlfield tag="008">080527|###########||||||b||||||||||spa|d</controlfield>
    <datafield tag="020" ind1=" " ind2=" ">
      <subfield code="a">9800009035</subfield>
    </datafield>
    <datafield tag="040" ind1=" " ind2=" ">
      <subfield code="c">SIUNPA</subfield>
    </datafield>
    <datafield tag="041" ind1=" " ind2=" ">
      <subfield code="a">spa</subfield>
    </datafield>
    <datafield tag="044" ind1=" " ind2=" ">
      <subfield code="a">VE</subfield>
    </datafield>
    <datafield tag="080" ind1=" " ind2=" ">
      <subfield code="a">94(87) E796d</subfield>
    </datafield>
    <datafield tag="100" ind1=" " ind2=" ">
      <subfield code="a">Esteller Ortega, David.</subfield>
    </datafield>
    <datafield tag="245" ind1=" " ind2=" ">
      <subfield code="a">La democracia representativa</subfield>
      <subfield code="b"> : apuntes para su historia en Venezuela</subfield>
    </datafield>
    <datafield tag="260" ind1=" " ind2=" ">
      <subfield code="a">Caracas</subfield>
      <subfield code="b"> : Ediciones de la Biblioteca de la Universidad Central de Venezuela</subfield>
      <subfield code="c"> , 1996</subfield>
    </datafield>
    <datafield tag="440" ind1=" " ind2=" ">
      <subfield code="a">América</subfield>
      <subfield code="a">América</subfield>
      <subfield code="a">Sección de obras de economía</subfield>
      <subfield code="a">Colección de planificación y gestión sanitaria</subfield>
      <subfield code="a">Colección Ebro. Serie historia y memoria</subfield>
      <subfield code="a">Colección historia</subfield>
      <subfield code="v">22</subfield>
    </datafield>
    <datafield tag="490" ind1=" " ind2=" ">
      <subfield code="a">América</subfield>
      <subfield code="a">América</subfield>
      <subfield code="a">Sección de obras de economía</subfield>
      <subfield code="a">Colección de planificación y gestión sanitaria</subfield>
      <subfield code="a">Colección Ebro. Serie historia y memoria</subfield>
      <subfield code="a">Colección historia</subfield>
      <subfield code="v">22</subfield>
    </datafield>
    <datafield tag="650" ind1=" " ind2=" ">
      <subfield code="a"> DEMOCRACIA</subfield>
    </datafield>
    <datafield tag="650" ind1=" " ind2=" ">
      <subfield code="a"> HISTORIA DE VENEZUELA</subfield>
    </datafield>
    <datafield tag="942" ind1=" " ind2=" ">
      <subfield code="c">BK</subfield>
    </datafield>
    <datafield tag="952" ind1=" " ind2=" ">
      <subfield code="a">BIB_RECT</subfield>
      <subfield code="b">BIB_UASJ</subfield>
      <subfield code="d">2008-05-22</subfield>
      <subfield code="y">BK</subfield>
      <subfield code="p">04-35701</subfield>
      <subfield code="i">04-35701</subfield>
      <subfield code="g">32</subfield>
      <subfield code="o">94(87) E796d</subfield>
      <subfield code="e">Donación México</subfield>
      <subfield code="8">CG</subfield>
    </datafield>
  </record>