
  <record>
    <leader>01000aam  22002601a 4500</leader>
    <controlfield tag="001">YPZ88829</controlfield>
    <controlfield tag="003">YPZ</controlfield>
    <controlfield tag="005">200806021339230</controlfield>
    <controlfield tag="008">080602|###########||||||b||||||||||spa|d</controlfield>
    <datafield tag="020" ind1=" " ind2=" ">
      <subfield code="a">847635519X</subfield>
    </datafield>
    <datafield tag="040" ind1=" " ind2=" ">
      <subfield code="c">SIUNPA</subfield>
    </datafield>
    <datafield tag="041" ind1=" " ind2=" ">
      <subfield code="a">spa</subfield>
    </datafield>
    <datafield tag="044" ind1=" " ind2=" ">
      <subfield code="a">ES</subfield>
    </datafield>
    <datafield tag="080" ind1=" " ind2=" ">
      <subfield code="a">821.134.2.09 G527c</subfield>
    </datafield>
    <datafield tag="110" ind1=" " ind2=" ">
      <subfield code="a">Girón Alconchel, José Luis.</subfield>
    </datafield>
    <datafield tag="245" ind1=" " ind2=" ">
      <subfield code="a">Comentario de textos de clerecía</subfield>
      <subfield code="b"> : Alexandre y Apolonio</subfield>
    </datafield>
    <datafield tag="260" ind1=" " ind2=" ">
      <subfield code="a">Madrid</subfield>
      <subfield code="b"> : Arco Libros</subfield>
      <subfield code="c"> , 2002</subfield>
    </datafield>
    <datafield tag="440" ind1=" " ind2=" ">
      <subfield code="a">Letras Universales</subfield>
      <subfield code="a">Colección griegos y latinos</subfield>
      <subfield code="a">Colección lenguaje y comunicación</subfield>
      <subfield code="a">Metamorfosis</subfield>
      <subfield code="a">Agenda educativa</subfield>
      <subfield code="a">Sección de obras de Antropología</subfield>
      <subfield code="a">La creación literaria</subfield>
      <subfield code="a">El libro de bolsillo. Ciencias sociales</subfield>
      <subfield code="a">Colección Archi-piélagos</subfield>
      <subfield code="a">Colección comentario de textos</subfield>
      <subfield code="v">15</subfield>
    </datafield>
    <datafield tag="490" ind1=" " ind2=" ">
      <subfield code="a">Letras Universales</subfield>
      <subfield code="a">Colección griegos y latinos</subfield>
      <subfield code="a">Colección lenguaje y comunicación</subfield>
      <subfield code="a">Metamorfosis</subfield>
      <subfield code="a">Agenda educativa</subfield>
      <subfield code="a">Sección de obras de Antropología</subfield>
      <subfield code="a">La creación literaria</subfield>
      <subfield code="a">El libro de bolsillo. Ciencias sociales</subfield>
      <subfield code="a">Colección Archi-piélagos</subfield>
      <subfield code="a">Colección comentario de textos</subfield>
      <subfield code="v">15</subfield>
    </datafield>
    <datafield tag="650" ind1=" " ind2=" ">
      <subfield code="a"> LITERATURA ESPAÑOLA</subfield>
    </datafield>
    <datafield tag="650" ind1=" " ind2=" ">
      <subfield code="a"> CRITICA LITERARIA</subfield>
    </datafield>
    <datafield tag="650" ind1=" " ind2=" ">
      <subfield code="a"> SIGLO XIII </subfield>
    </datafield>
    <datafield tag="650" ind1=" " ind2=" ">
      <subfield code="a"> MESTER DE CLERECIA</subfield>
    </datafield>
    <datafield tag="650" ind1=" " ind2=" ">
      <subfield code="a"> LIBRO DE ALEXANDRE</subfield>
    </datafield>
    <datafield tag="650" ind1=" " ind2=" ">
      <subfield code="a"> LIBRO DE APOLONIO</subfield>
    </datafield>
    <datafield tag="942" ind1=" " ind2=" ">
      <subfield code="c">BK</subfield>
    </datafield>
    <datafield tag="952" ind1=" " ind2=" ">
      <subfield code="a">BIB_RECT</subfield>
      <subfield code="b">BIB_UARG</subfield>
      <subfield code="d">2008-05-26</subfield>
      <subfield code="y">BK</subfield>
      <subfield code="p">05-35778</subfield>
      <subfield code="i">05-35778</subfield>
      <subfield code="g">40</subfield>
      <subfield code="o">821.134.2.09 G527c</subfield>
      <subfield code="e">SIUNPA</subfield>
      <subfield code="8">CG</subfield>
    </datafield>
  </record>