
  <record>
    <leader>01000aam  22002601a 4500</leader>
    <controlfield tag="001">YPZ88842</controlfield>
    <controlfield tag="003">YPZ</controlfield>
    <controlfield tag="005">200806031309340</controlfield>
    <controlfield tag="008">080603|###########||||||b||||||||||spa|d</controlfield>
    <datafield tag="020" ind1=" " ind2=" ">
      <subfield code="a">9871242077</subfield>
    </datafield>
    <datafield tag="020" ind1=" " ind2=" ">
      <subfield code="a">9789871242078</subfield>
    </datafield>
    <datafield tag="040" ind1=" " ind2=" ">
      <subfield code="c">SIUNPA</subfield>
    </datafield>
    <datafield tag="041" ind1=" " ind2=" ">
      <subfield code="a">spa</subfield>
    </datafield>
    <datafield tag="044" ind1=" " ind2=" ">
      <subfield code="a">AR</subfield>
    </datafield>
    <datafield tag="080" ind1=" " ind2=" ">
      <subfield code="a">902 T147a 2</subfield>
    </datafield>
    <datafield tag="110" ind1=" " ind2=" ">
      <subfield code="a">Taller Binacional de Arqueología de la Costa Patagónica  (2 : 2003 : Río Gallegos).</subfield>
    </datafield>
    <datafield tag="245" ind1=" " ind2=" ">
      <subfield code="a">Arqueología de la costa patagónica</subfield>
      <subfield code="b"> : perspectivas para la conservación</subfield>
      <subfield code="c"> / Cruz, Isabel, ed. ; Caracotche, María Soledad, ed.</subfield>
    </datafield>
    <datafield tag="260" ind1=" " ind2=" ">
      <subfield code="a">Río Gallegos</subfield>
      <subfield code="b"> : Universidad Nacional de la Patagonia Austral</subfield>
      <subfield code="b"> : Subsecretaría de Cultura del Gobierno de Santa Cruz</subfield>
      <subfield code="b"> : Administración de Parques Nacionales</subfield>
      <subfield code="b"> : Fundación Patagonia Natural</subfield>
      <subfield code="b"> : Sociedad Argentina de Antropología</subfield>
      <subfield code="c"> , 2006</subfield>
    </datafield>
    <datafield tag="650" ind1=" " ind2=" ">
      <subfield code="a"> ARQUEOLOGIA</subfield>
    </datafield>
    <datafield tag="650" ind1=" " ind2=" ">
      <subfield code="a"> REGION PATAGONICA</subfield>
    </datafield>
    <datafield tag="650" ind1=" " ind2=" ">
      <subfield code="a"> RECURSOS NATURALES</subfield>
    </datafield>
    <datafield tag="942" ind1=" " ind2=" ">
      <subfield code="c">BK</subfield>
    </datafield>
    <datafield tag="952" ind1=" " ind2=" ">
      <subfield code="a">BIB_RECT</subfield>
      <subfield code="b">BIB_UACO</subfield>
      <subfield code="d">2008-06-03</subfield>
      <subfield code="y">BK</subfield>
      <subfield code="p">02-35849</subfield>
      <subfield code="i">02-35849</subfield>
      <subfield code="g">49</subfield>
      <subfield code="o">902 T147a 2</subfield>
      <subfield code="e">Canje</subfield>
      <subfield code="8">CG</subfield>
    </datafield>
    <datafield tag="952" ind1=" " ind2=" ">
      <subfield code="a">BIB_RECT</subfield>
      <subfield code="b">BIB_UACO</subfield>
      <subfield code="d">2008-06-03</subfield>
      <subfield code="y">BK</subfield>
      <subfield code="p">02-35850</subfield>
      <subfield code="i">02-35850</subfield>
      <subfield code="g">49</subfield>
      <subfield code="o">902 T147a 2</subfield>
      <subfield code="e">Canje</subfield>
      <subfield code="8">CG</subfield>
    </datafield>
    <datafield tag="952" ind1=" " ind2=" ">
      <subfield code="a">BIB_RECT</subfield>
      <subfield code="b">BIB_UART</subfield>
      <subfield code="d">2008-06-04</subfield>
      <subfield code="y">BK</subfield>
      <subfield code="p">03-35854</subfield>
      <subfield code="i">03-35854</subfield>
      <subfield code="g">49</subfield>
      <subfield code="o">902 T147a 2</subfield>
      <subfield code="e">Canje</subfield>
      <subfield code="8">CG</subfield>
    </datafield>
    <datafield tag="952" ind1=" " ind2=" ">
      <subfield code="a">BIB_RECT</subfield>
      <subfield code="b">BIB_UART</subfield>
      <subfield code="d">2008-06-04</subfield>
      <subfield code="y">BK</subfield>
      <subfield code="p">03-35855</subfield>
      <subfield code="i">03-35855</subfield>
      <subfield code="g">49</subfield>
      <subfield code="o">902 T147a 2</subfield>
      <subfield code="e">Canje</subfield>
      <subfield code="8">CG</subfield>
    </datafield>
    <datafield tag="952" ind1=" " ind2=" ">
      <subfield code="a">BIB_RECT</subfield>
      <subfield code="b">BIB_UASJ</subfield>
      <subfield code="d">2008-06-03</subfield>
      <subfield code="y">BK</subfield>
      <subfield code="p">04-35833</subfield>
      <subfield code="i">04-35833</subfield>
      <subfield code="g">49</subfield>
      <subfield code="o">902 T147a 2</subfield>
      <subfield code="e">Canje</subfield>
      <subfield code="8">CG</subfield>
    </datafield>
    <datafield tag="952" ind1=" " ind2=" ">
      <subfield code="a">BIB_RECT</subfield>
      <subfield code="b">BIB_UASJ</subfield>
      <subfield code="d">2008-06-03</subfield>
      <subfield code="y">BK</subfield>
      <subfield code="p">04-35834</subfield>
      <subfield code="i">04-35834</subfield>
      <subfield code="g">49</subfield>
      <subfield code="o">902 T147a 2</subfield>
      <subfield code="e">Canje</subfield>
      <subfield code="8">CG</subfield>
    </datafield>
    <datafield tag="952" ind1=" " ind2=" ">
      <subfield code="a">BIB_RECT</subfield>
      <subfield code="b">BIB_UASJ</subfield>
      <subfield code="d">2009-11-03</subfield>
      <subfield code="y">BK</subfield>
      <subfield code="p">04-38464</subfield>
      <subfield code="i">04-38464</subfield>
      <subfield code="g">44</subfield>
      <subfield code="o">902 T147a 2</subfield>
      <subfield code="e">Desconocido</subfield>
      <subfield code="8">CG</subfield>
    </datafield>
    <datafield tag="952" ind1=" " ind2=" ">
      <subfield code="a">BIB_RECT</subfield>
      <subfield code="b">BIB_UASJ</subfield>
      <subfield code="d">2010-09-15</subfield>
      <subfield code="y">BK</subfield>
      <subfield code="p">04-39877</subfield>
      <subfield code="i">04-39877</subfield>
      <subfield code="g">49</subfield>
      <subfield code="o">902 T147a 2</subfield>
      <subfield code="e">Donación</subfield>
      <subfield code="8">CG</subfield>
    </datafield>
    <datafield tag="952" ind1=" " ind2=" ">
      <subfield code="a">BIB_RECT</subfield>
      <subfield code="b">BIB_UARG</subfield>
      <subfield code="d">2008-06-05</subfield>
      <subfield code="y">BK</subfield>
      <subfield code="p">05-35876</subfield>
      <subfield code="i">05-35876</subfield>
      <subfield code="g">49</subfield>
      <subfield code="o">902 T147a 2</subfield>
      <subfield code="e">Canje</subfield>
      <subfield code="8">CG</subfield>
    </datafield>
    <datafield tag="952" ind1=" " ind2=" ">
      <subfield code="a">BIB_RECT</subfield>
      <subfield code="b">BIB_UARG</subfield>
      <subfield code="d">2008-06-02</subfield>
      <subfield code="y">BK</subfield>
      <subfield code="p">05-35877</subfield>
      <subfield code="i">05-35877</subfield>
      <subfield code="g">49</subfield>
      <subfield code="o">902 T147a 2</subfield>
      <subfield code="e">Canje</subfield>
      <subfield code="8">CG</subfield>
    </datafield>
    <datafield tag="952" ind1=" " ind2=" ">
      <subfield code="a">BIB_RECT</subfield>
      <subfield code="b">BIB_UARG</subfield>
      <subfield code="d">2009-04-20</subfield>
      <subfield code="y">BK</subfield>
      <subfield code="p">05-37556</subfield>
      <subfield code="i">05-37556</subfield>
      <subfield code="g">49</subfield>
      <subfield code="o">902 T147a 2</subfield>
      <subfield code="e">Donación Sec. Eet. Universitaria/08</subfield>
      <subfield code="8">CG</subfield>
    </datafield>
    <datafield tag="952" ind1=" " ind2=" ">
      <subfield code="a">BIB_RECT</subfield>
      <subfield code="b">BIB_UARG</subfield>
      <subfield code="d">2009-04-20</subfield>
      <subfield code="y">BK</subfield>
      <subfield code="p">05-37557</subfield>
      <subfield code="i">05-37557</subfield>
      <subfield code="g">49</subfield>
      <subfield code="o">902 T147a 2</subfield>
      <subfield code="e">Donación Sec. Ext. Universitaria/08</subfield>
      <subfield code="8">CG</subfield>
    </datafield>
    <datafield tag="952" ind1=" " ind2=" ">
      <subfield code="a">BIB_RECT</subfield>
      <subfield code="b">SAT_TRUN</subfield>
      <subfield code="d">2008-06-04</subfield>
      <subfield code="y">BK</subfield>
      <subfield code="p">10-35837</subfield>
      <subfield code="i">10-35837</subfield>
      <subfield code="g">49</subfield>
      <subfield code="o">902 T147a 2</subfield>
      <subfield code="e">Canje</subfield>
      <subfield code="8">CG</subfield>
    </datafield>
    <datafield tag="952" ind1=" " ind2=" ">
      <subfield code="a">BIB_RECT</subfield>
      <subfield code="b">SAT_PBNA</subfield>
      <subfield code="d">2008-06-04</subfield>
      <subfield code="y">BK</subfield>
      <subfield code="p">11-35835</subfield>
      <subfield code="i">11-35835</subfield>
      <subfield code="g">49</subfield>
      <subfield code="o">902 T147a 2</subfield>
      <subfield code="e">Canje</subfield>
      <subfield code="8">CG</subfield>
    </datafield>
    <datafield tag="952" ind1=" " ind2=" ">
      <subfield code="a">BIB_RECT</subfield>
      <subfield code="b">BIB_RECT</subfield>
      <subfield code="d">2008-06-03</subfield>
      <subfield code="y">BK</subfield>
      <subfield code="p">15-35847</subfield>
      <subfield code="i">15-35847</subfield>
      <subfield code="g">49</subfield>
      <subfield code="o">902 T147a 2</subfield>
      <subfield code="e">Canje</subfield>
      <subfield code="8">CG</subfield>
    </datafield>
    <datafield tag="952" ind1=" " ind2=" ">
      <subfield code="a">BIB_RECT</subfield>
      <subfield code="b">SAT_PDES</subfield>
      <subfield code="d">2008-06-03</subfield>
      <subfield code="y">BK</subfield>
      <subfield code="p">16-35848</subfield>
      <subfield code="i">16-35848</subfield>
      <subfield code="g">49</subfield>
      <subfield code="o">902 T147a 2</subfield>
      <subfield code="e">Canje</subfield>
      <subfield code="8">CG</subfield>
    </datafield>
    <datafield tag="952" ind1=" " ind2=" ">
      <subfield code="a">BIB_RECT</subfield>
      <subfield code="b">BIB_RECT</subfield>
      <subfield code="d">2008-06-06</subfield>
      <subfield code="y">BK</subfield>
      <subfield code="p">17-35907</subfield>
      <subfield code="i">17-35907</subfield>
      <subfield code="g">49</subfield>
      <subfield code="o">902 T147a 2</subfield>
      <subfield code="e">Canje y donación SIUNPA</subfield>
      <subfield code="8">CG</subfield>
    </datafield>
    <datafield tag="952" ind1=" " ind2=" ">
      <subfield code="a">BIB_RECT</subfield>
      <subfield code="b">SAT_GREG</subfield>
      <subfield code="d">2008-06-03</subfield>
      <subfield code="y">BK</subfield>
      <subfield code="p">18-35836</subfield>
      <subfield code="i">18-35836</subfield>
      <subfield code="g">49</subfield>
      <subfield code="o">902 T147a 2</subfield>
      <subfield code="e">Canje</subfield>
      <subfield code="8">CG</subfield>
    </datafield>
  </record>