
  <record>
    <leader>01000aam  22002601a 4500</leader>
    <controlfield tag="001">YPZ88845</controlfield>
    <controlfield tag="003">YPZ</controlfield>
    <controlfield tag="005">200806041441350</controlfield>
    <controlfield tag="008">080604|###########||||||b||||||||||spa|d</controlfield>
    <datafield tag="020" ind1=" " ind2=" ">
      <subfield code="a">9681682610 (FCE)</subfield>
    </datafield>
    <datafield tag="020" ind1=" " ind2=" ">
      <subfield code="a">9703230687 (UNAM)</subfield>
    </datafield>
    <datafield tag="020" ind1=" " ind2=" ">
      <subfield code="a">9703232299 (UNAM)</subfield>
    </datafield>
    <datafield tag="040" ind1=" " ind2=" ">
      <subfield code="c">SIUNPA</subfield>
    </datafield>
    <datafield tag="041" ind1=" " ind2=" ">
      <subfield code="a">spa</subfield>
    </datafield>
    <datafield tag="044" ind1=" " ind2=" ">
      <subfield code="a">MX</subfield>
    </datafield>
    <datafield tag="080" ind1=" " ind2=" ">
      <subfield code="a">821.134.2(72) L117l</subfield>
    </datafield>
    <datafield tag="100" ind1=" " ind2=" ">
      <subfield code="a">Fernández de Lizardi, José Joaquín.</subfield>
    </datafield>
    <datafield tag="245" ind1=" " ind2=" ">
      <subfield code="a">El laberinto de la utopía</subfield>
      <subfield code="b"> : una antología general</subfield>
      <subfield code="c"> / Palazón Mayoral, María Rosa, selección, estudio prelim. ; Guzmán Gutiérrez, María Esther, selección ; Hernández García, Jesús, ensayos críticos ; Díaz Cíntora, Salvador, ensayos críticos ; Alfaro Aguilar, Norma, ensayos críticos ; Gómez-Farías Álvarez, Citlalli, ensayos críticos ; Ozuna Castañeda, Mariana, estudios críticos</subfield>
    </datafield>
    <datafield tag="260" ind1=" " ind2=" ">
      <subfield code="a">México, D.F.</subfield>
      <subfield code="b"> : Fondo de Cultura Económica</subfield>
      <subfield code="b"> : Fundación para las Letras Mexicanas</subfield>
      <subfield code="b"> : Universidad Nacional Autónoma de México</subfield>
      <subfield code="c"> , 2006</subfield>
    </datafield>
    <datafield tag="650" ind1=" " ind2=" ">
      <subfield code="a"> LITERATURA MEXICANA</subfield>
    </datafield>
    <datafield tag="942" ind1=" " ind2=" ">
      <subfield code="c">BK</subfield>
    </datafield>
    <datafield tag="952" ind1=" " ind2=" ">
      <subfield code="a">BIB_RECT</subfield>
      <subfield code="b">BIB_UARG</subfield>
      <subfield code="d">2008-05-30</subfield>
      <subfield code="y">BK</subfield>
      <subfield code="p">05-35830</subfield>
      <subfield code="i">05-35830</subfield>
      <subfield code="g">54.18</subfield>
      <subfield code="o">821.134.2(72) L117l</subfield>
      <subfield code="e">SIUNPA</subfield>
      <subfield code="8">CG</subfield>
    </datafield>
  </record>