
  <record>
    <leader>01000aam  22002601a 4500</leader>
    <controlfield tag="001">YPZ88848</controlfield>
    <controlfield tag="003">YPZ</controlfield>
    <controlfield tag="005">200806041551070</controlfield>
    <controlfield tag="008">080604|###########||||||b||||||||||spa|d</controlfield>
    <datafield tag="020" ind1=" " ind2=" ">
      <subfield code="a">9789870228820</subfield>
    </datafield>
    <datafield tag="040" ind1=" " ind2=" ">
      <subfield code="c">SIUNPA</subfield>
    </datafield>
    <datafield tag="041" ind1=" " ind2=" ">
      <subfield code="a">spa</subfield>
    </datafield>
    <datafield tag="044" ind1=" " ind2=" ">
      <subfield code="a">AR</subfield>
    </datafield>
    <datafield tag="080" ind1=" " ind2=" ">
      <subfield code="a">665.61 P497p</subfield>
    </datafield>
    <datafield tag="100" ind1=" " ind2=" ">
      <subfield code="a">Acconcia, María Laura.</subfield>
    </datafield>
    <datafield tag="700" ind1=" " ind2=" ">
      <subfield code="a">Muñoz, Nelly Cristina .</subfield>
    </datafield>
    <datafield tag="700" ind1=" " ind2=" ">
      <subfield code="a">Bazán, Sonia Raquel.</subfield>
    </datafield>
    <datafield tag="700" ind1=" " ind2=" ">
      <subfield code="a">Álvarez, María Valeria.</subfield>
    </datafield>
    <datafield tag="700" ind1=" " ind2=" ">
      <subfield code="a">Michniuk, Natalia.</subfield>
    </datafield>
    <datafield tag="245" ind1=" " ind2=" ">
      <subfield code="a">Petróleo y región austral</subfield>
      <subfield code="b"> : saberes del trabajo y educación técnica reconfiguraciones y nuevas subjetividades</subfield>
      <subfield code="c"> / Ruiz, Juan Domingo, coordinador</subfield>
    </datafield>
    <datafield tag="260" ind1=" " ind2=" ">
      <subfield code="a">Buenos Aires</subfield>
      <subfield code="b"> : Dunken</subfield>
      <subfield code="c"> , 2008</subfield>
    </datafield>
    <datafield tag="500" ind1=" " ind2=" ">
      <subfield code="a">En portada: Subvención otorgada por la ANPCyT. Programa de modernización tecnológica III. Contrato préstamo BID 1728/OC-AR.</subfield>
    </datafield>
    <datafield tag="650" ind1=" " ind2=" ">
      <subfield code="a"> INDUSTRIA PETROLERA</subfield>
    </datafield>
    <datafield tag="650" ind1=" " ind2=" ">
      <subfield code="a"> TRABAJO </subfield>
    </datafield>
    <datafield tag="650" ind1=" " ind2=" ">
      <subfield code="a"> PRIVATIZACION</subfield>
    </datafield>
    <datafield tag="650" ind1=" " ind2=" ">
      <subfield code="a"> EDUCACION OBRERA </subfield>
    </datafield>
    <datafield tag="650" ind1=" " ind2=" ">
      <subfield code="a"> EDUCACION TECNICA</subfield>
    </datafield>
    <datafield tag="650" ind1=" " ind2=" ">
      <subfield code="a"> CULTURA DE LA CLASE OBRERA</subfield>
    </datafield>
    <datafield tag="650" ind1=" " ind2=" ">
      <subfield code="a"> REGION PATAGONICA </subfield>
    </datafield>
    <datafield tag="650" ind1=" " ind2=" ">
      <subfield code="a"> SANTA CRUZ (ARGENTINA)</subfield>
    </datafield>
    <datafield tag="942" ind1=" " ind2=" ">
      <subfield code="c">BK</subfield>
    </datafield>
    <datafield tag="952" ind1=" " ind2=" ">
      <subfield code="a">BIB_RECT</subfield>
      <subfield code="b">BIB_UACO</subfield>
      <subfield code="d">2008-10-17</subfield>
      <subfield code="y">BK</subfield>
      <subfield code="p">02-36427</subfield>
      <subfield code="i">02-36427</subfield>
      <subfield code="g">49</subfield>
      <subfield code="o">665.61 P497p</subfield>
      <subfield code="e">Donación Ruiz, Juan</subfield>
      <subfield code="8">CG</subfield>
    </datafield>
    <datafield tag="952" ind1=" " ind2=" ">
      <subfield code="a">BIB_RECT</subfield>
      <subfield code="b">BIB_UACO</subfield>
      <subfield code="d">2008-10-17</subfield>
      <subfield code="y">BK</subfield>
      <subfield code="p">02-36428</subfield>
      <subfield code="i">02-36428</subfield>
      <subfield code="g">49</subfield>
      <subfield code="o">665.61 P497p</subfield>
      <subfield code="e">Donación Ruiz, Juan</subfield>
      <subfield code="8">CG</subfield>
    </datafield>
    <datafield tag="952" ind1=" " ind2=" ">
      <subfield code="a">BIB_RECT</subfield>
      <subfield code="b">BIB_UACO</subfield>
      <subfield code="d">2008-10-17</subfield>
      <subfield code="y">BK</subfield>
      <subfield code="p">02-36429</subfield>
      <subfield code="i">02-36429</subfield>
      <subfield code="g">49</subfield>
      <subfield code="o">665.61 P497p</subfield>
      <subfield code="e">Donación Ruiz, Juan</subfield>
      <subfield code="8">CG</subfield>
    </datafield>
    <datafield tag="952" ind1=" " ind2=" ">
      <subfield code="a">BIB_RECT</subfield>
      <subfield code="b">BIB_UACO</subfield>
      <subfield code="d">2008-10-17</subfield>
      <subfield code="y">BK</subfield>
      <subfield code="p">02-36430</subfield>
      <subfield code="i">02-36430</subfield>
      <subfield code="g">49</subfield>
      <subfield code="o">665.61 P497p</subfield>
      <subfield code="e">Donación Ruiz, Juan</subfield>
      <subfield code="8">CG</subfield>
    </datafield>
    <datafield tag="952" ind1=" " ind2=" ">
      <subfield code="a">BIB_RECT</subfield>
      <subfield code="b">BIB_UASJ</subfield>
      <subfield code="d">2008-08-04</subfield>
      <subfield code="y">BK</subfield>
      <subfield code="p">04-36303</subfield>
      <subfield code="i">04-36303</subfield>
      <subfield code="g">49</subfield>
      <subfield code="o">665.61 P497p</subfield>
      <subfield code="e">Desconocido</subfield>
      <subfield code="8">CG</subfield>
    </datafield>
    <datafield tag="952" ind1=" " ind2=" ">
      <subfield code="a">BIB_RECT</subfield>
      <subfield code="b">BIB_UASJ</subfield>
      <subfield code="d">2008-08-04</subfield>
      <subfield code="y">BK</subfield>
      <subfield code="p">04-36304</subfield>
      <subfield code="i">04-36304</subfield>
      <subfield code="g">49</subfield>
      <subfield code="o">665.61 P497p</subfield>
      <subfield code="e">Desconocido</subfield>
      <subfield code="8">CG</subfield>
    </datafield>
    <datafield tag="952" ind1=" " ind2=" ">
      <subfield code="a">BIB_RECT</subfield>
      <subfield code="b">BIB_UASJ</subfield>
      <subfield code="d">2008-08-04</subfield>
      <subfield code="y">BK</subfield>
      <subfield code="p">04-36305</subfield>
      <subfield code="i">04-36305</subfield>
      <subfield code="g">49</subfield>
      <subfield code="o">665.61 P497p</subfield>
      <subfield code="e">Desconocido</subfield>
      <subfield code="8">CG</subfield>
    </datafield>
    <datafield tag="952" ind1=" " ind2=" ">
      <subfield code="a">BIB_RECT</subfield>
      <subfield code="b">BIB_UASJ</subfield>
      <subfield code="d">2008-08-04</subfield>
      <subfield code="y">BK</subfield>
      <subfield code="p">04-36306</subfield>
      <subfield code="i">04-36306</subfield>
      <subfield code="g">49</subfield>
      <subfield code="o">665.61 P497p</subfield>
      <subfield code="e">Desconocido</subfield>
      <subfield code="8">CG</subfield>
    </datafield>
    <datafield tag="952" ind1=" " ind2=" ">
      <subfield code="a">BIB_RECT</subfield>
      <subfield code="b">BIB_UASJ</subfield>
      <subfield code="d">2008-08-04</subfield>
      <subfield code="y">BK</subfield>
      <subfield code="p">04-36307</subfield>
      <subfield code="i">04-36307</subfield>
      <subfield code="g">49</subfield>
      <subfield code="o">665.61 P497p</subfield>
      <subfield code="e">Desconocido</subfield>
      <subfield code="8">CG</subfield>
    </datafield>
    <datafield tag="952" ind1=" " ind2=" ">
      <subfield code="a">BIB_RECT</subfield>
      <subfield code="b">BIB_UARG</subfield>
      <subfield code="d">2008-06-03</subfield>
      <subfield code="y">BK</subfield>
      <subfield code="p">05-35839</subfield>
      <subfield code="i">05-35839</subfield>
      <subfield code="g">49</subfield>
      <subfield code="o">665.61 P497p</subfield>
      <subfield code="e">Donación Ruiz, Juan</subfield>
      <subfield code="8">CG</subfield>
    </datafield>
    <datafield tag="952" ind1=" " ind2=" ">
      <subfield code="a">BIB_RECT</subfield>
      <subfield code="b">BIB_UARG</subfield>
      <subfield code="d">2008-06-03</subfield>
      <subfield code="y">BK</subfield>
      <subfield code="p">05-35840</subfield>
      <subfield code="i">05-35840</subfield>
      <subfield code="g">49</subfield>
      <subfield code="o">665.61 P497p</subfield>
      <subfield code="e">Donación Ruiz, Juan</subfield>
      <subfield code="8">CG</subfield>
    </datafield>
    <datafield tag="952" ind1=" " ind2=" ">
      <subfield code="a">BIB_RECT</subfield>
      <subfield code="b">BIB_UARG</subfield>
      <subfield code="d">2008-06-03</subfield>
      <subfield code="y">BK</subfield>
      <subfield code="p">05-35841</subfield>
      <subfield code="i">05-35841</subfield>
      <subfield code="g">49</subfield>
      <subfield code="o">665.61 P497p</subfield>
      <subfield code="e">Donación Ruiz, Juan</subfield>
      <subfield code="8">CG</subfield>
    </datafield>
    <datafield tag="952" ind1=" " ind2=" ">
      <subfield code="a">BIB_RECT</subfield>
      <subfield code="b">BIB_UARG</subfield>
      <subfield code="d">2008-06-03</subfield>
      <subfield code="y">BK</subfield>
      <subfield code="p">05-35842</subfield>
      <subfield code="i">05-35842</subfield>
      <subfield code="g">49</subfield>
      <subfield code="o">665.61 P497p</subfield>
      <subfield code="e">Donación Ruiz, Juan</subfield>
      <subfield code="8">CG</subfield>
    </datafield>
    <datafield tag="952" ind1=" " ind2=" ">
      <subfield code="a">BIB_RECT</subfield>
      <subfield code="b">BIB_UARG</subfield>
      <subfield code="d">2008-06-03</subfield>
      <subfield code="y">BK</subfield>
      <subfield code="p">05-35843</subfield>
      <subfield code="i">05-35843</subfield>
      <subfield code="g">49</subfield>
      <subfield code="o">665.61 P497p</subfield>
      <subfield code="e">Donación Ruiz, Juan</subfield>
      <subfield code="8">CG</subfield>
    </datafield>
    <datafield tag="952" ind1=" " ind2=" ">
      <subfield code="a">BIB_RECT</subfield>
      <subfield code="b">BIB_UACO</subfield>
      <subfield code="d">2008-10-17</subfield>
      <subfield code="y">BK</subfield>
      <subfield code="p">10-36432</subfield>
      <subfield code="i">10-36432</subfield>
      <subfield code="g">49</subfield>
      <subfield code="o">665.61 P497p</subfield>
      <subfield code="e">Donación Ruiz, Juan</subfield>
      <subfield code="8">CG</subfield>
    </datafield>
    <datafield tag="952" ind1=" " ind2=" ">
      <subfield code="a">BIB_RECT</subfield>
      <subfield code="b">SAT_PBNA</subfield>
      <subfield code="d">2008-10-21</subfield>
      <subfield code="y">BK</subfield>
      <subfield code="p">11-36504</subfield>
      <subfield code="i">11-36504</subfield>
      <subfield code="g">49</subfield>
      <subfield code="o">665.61 P497p</subfield>
      <subfield code="e">UASJ</subfield>
      <subfield code="8">CG</subfield>
    </datafield>
    <datafield tag="952" ind1=" " ind2=" ">
      <subfield code="a">BIB_RECT</subfield>
      <subfield code="b">SAT_PBNA</subfield>
      <subfield code="d">2008-10-21</subfield>
      <subfield code="y">BK</subfield>
      <subfield code="p">11-36505</subfield>
      <subfield code="i">11-36505</subfield>
      <subfield code="g">49</subfield>
      <subfield code="o">665.61 P497p</subfield>
      <subfield code="e">UASJ</subfield>
      <subfield code="8">CG</subfield>
    </datafield>
    <datafield tag="952" ind1=" " ind2=" ">
      <subfield code="a">BIB_RECT</subfield>
      <subfield code="b">SAT_GREG</subfield>
      <subfield code="d">2008-10-21</subfield>
      <subfield code="y">BK</subfield>
      <subfield code="p">18-36506</subfield>
      <subfield code="i">18-36506</subfield>
      <subfield code="g">49</subfield>
      <subfield code="o">665.61 P497p</subfield>
      <subfield code="e">UASJ</subfield>
      <subfield code="8">CG</subfield>
    </datafield>
  </record>