
  <record>
    <leader>01000aam  22002601a 4500</leader>
    <controlfield tag="001">YPZ88873</controlfield>
    <controlfield tag="003">YPZ</controlfield>
    <controlfield tag="005">200806061839320</controlfield>
    <controlfield tag="008">080606|###########||||||b||||||||||spa|d</controlfield>
    <datafield tag="020" ind1=" " ind2=" ">
      <subfield code="a">8481986283</subfield>
    </datafield>
    <datafield tag="040" ind1=" " ind2=" ">
      <subfield code="c">SIUNPA</subfield>
    </datafield>
    <datafield tag="041" ind1=" " ind2=" ">
      <subfield code="a">spa</subfield>
    </datafield>
    <datafield tag="044" ind1=" " ind2=" ">
      <subfield code="a">ES</subfield>
    </datafield>
    <datafield tag="080" ind1=" " ind2=" ">
      <subfield code="a">329 B123r</subfield>
    </datafield>
    <datafield tag="100" ind1=" " ind2=" ">
      <subfield code="a">Bachiller, Santiago.</subfield>
    </datafield>
    <datafield tag="245" ind1=" " ind2=" ">
      <subfield code="a">Redes clientelares y reconfiguración del populismo en Argentina</subfield>
      <subfield code="b"> : una genealogía de las formas organizativas peronistas</subfield>
    </datafield>
    <datafield tag="250" ind1=" " ind2=" ">
      <subfield code="a">1a ed.</subfield>
    </datafield>
    <datafield tag="260" ind1=" " ind2=" ">
      <subfield code="a">[Madrid]</subfield>
      <subfield code="b"> : Entinema</subfield>
      <subfield code="c"> , 2006</subfield>
    </datafield>
    <datafield tag="440" ind1=" " ind2=" ">
      <subfield code="a">Armas de la crítica</subfield>
      <subfield code="a">Colección campana de palo</subfield>
      <subfield code="a">Biblioteca ¡viva la tinta!</subfield>
      <subfield code="a">Seie con-textos de ciencias sociales</subfield>
      <subfield code="v">8</subfield>
    </datafield>
    <datafield tag="490" ind1=" " ind2=" ">
      <subfield code="a">Armas de la crítica</subfield>
      <subfield code="a">Colección campana de palo</subfield>
      <subfield code="a">Biblioteca ¡viva la tinta!</subfield>
      <subfield code="a">Seie con-textos de ciencias sociales</subfield>
      <subfield code="v">8</subfield>
    </datafield>
    <datafield tag="650" ind1=" " ind2=" ">
      <subfield code="a"> PARTIDOS POLITICOS</subfield>
    </datafield>
    <datafield tag="650" ind1=" " ind2=" ">
      <subfield code="a"> PERONISMO</subfield>
    </datafield>
    <datafield tag="650" ind1=" " ind2=" ">
      <subfield code="a"> ARGENTINA</subfield>
    </datafield>
    <datafield tag="942" ind1=" " ind2=" ">
      <subfield code="c">BK</subfield>
    </datafield>
    <datafield tag="952" ind1=" " ind2=" ">
      <subfield code="a">BIB_RECT</subfield>
      <subfield code="b">BIB_UACO</subfield>
      <subfield code="d">2008-06-02</subfield>
      <subfield code="y">BK</subfield>
      <subfield code="p">02-35873</subfield>
      <subfield code="i">02-35873</subfield>
      <subfield code="g">29</subfield>
      <subfield code="o">329 B123r</subfield>
      <subfield code="e">Bachiller, Santiago</subfield>
      <subfield code="8">CG</subfield>
    </datafield>
    <datafield tag="952" ind1=" " ind2=" ">
      <subfield code="a">BIB_RECT</subfield>
      <subfield code="b">BIB_UARG</subfield>
      <subfield code="d">2011-02-18</subfield>
      <subfield code="y">BK</subfield>
      <subfield code="p">05-40513</subfield>
      <subfield code="i">05-40513</subfield>
      <subfield code="g">37</subfield>
      <subfield code="o">329 B123r</subfield>
      <subfield code="e">Bachiller, Santiago/10</subfield>
      <subfield code="8">CG</subfield>
    </datafield>
  </record>