
  <record>
    <leader>01000aam  22002601a 4500</leader>
    <controlfield tag="001">YPZ88875</controlfield>
    <controlfield tag="003">YPZ</controlfield>
    <controlfield tag="005">200806091213020</controlfield>
    <controlfield tag="008">080609|###########||||||b||||||||||spa|d</controlfield>
    <datafield tag="020" ind1=" " ind2=" ">
      <subfield code="a">9505371888</subfield>
    </datafield>
    <datafield tag="040" ind1=" " ind2=" ">
      <subfield code="c">SIUNPA</subfield>
    </datafield>
    <datafield tag="041" ind1=" " ind2=" ">
      <subfield code="a">spa</subfield>
    </datafield>
    <datafield tag="044" ind1=" " ind2=" ">
      <subfield code="a">AR</subfield>
    </datafield>
    <datafield tag="080" ind1=" " ind2=" ">
      <subfield code="a">657 F785cu</subfield>
    </datafield>
    <datafield tag="100" ind1=" " ind2=" ">
      <subfield code="a">Fowler Newton, Enrique.</subfield>
    </datafield>
    <datafield tag="245" ind1=" " ind2=" ">
      <subfield code="a">Cuestiones contables fundamentales</subfield>
    </datafield>
    <datafield tag="250" ind1=" " ind2=" ">
      <subfield code="a">Ed. rev. y actualizada</subfield>
    </datafield>
    <datafield tag="260" ind1=" " ind2=" ">
      <subfield code="a">Buenos Aires</subfield>
      <subfield code="b"> : Macchi</subfield>
      <subfield code="c"> , c1996</subfield>
    </datafield>
    <datafield tag="300" ind1=" " ind2=" ">
      <subfield code="a">62 p. : </subfield>
      <subfield code="a">62 p. : </subfield>
      <subfield code="a">121 p. : </subfield>
      <subfield code="b">il. ; </subfield>
      <subfield code="a">121 p. : </subfield>
      <subfield code="b">il. ; </subfield>
      <subfield code="a">vi, 95 p. : </subfield>
      <subfield code="b">il. ; </subfield>
      <subfield code="a">v, 694 p. : </subfield>
      <subfield code="b">il. ; </subfield>
      <subfield code="a">xvi, 143 p. : </subfield>
      <subfield code="b">il. ; </subfield>
      <subfield code="a">229 p. : </subfield>
      <subfield code="b">il. ; </subfield>
      <subfield code="a">140 p. : </subfield>
      <subfield code="b">il. ; </subfield>
      <subfield code="a">342 p. : </subfield>
      <subfield code="b">il. ; </subfield>
      <subfield code="a">6 v. : </subfield>
      <subfield code="b">il. ; </subfield>
      <subfield code="a">247 p. : </subfield>
      <subfield code="a">157 p. : </subfield>
      <subfield code="a">217 p. : </subfield>
      <subfield code="a">365 p. : </subfield>
      <subfield code="a">155 p. : </subfield>
      <subfield code="a">253 p. : </subfield>
      <subfield code="a">284 p. : </subfield>
      <subfield code="b">il. ; </subfield>
      <subfield code="a">xviii, 302 p. : </subfield>
      <subfield code="a">2 v. : </subfield>
      <subfield code="a">v. : </subfield>
      <subfield code="a">222 p. : </subfield>
      <subfield code="a">407 p. : </subfield>
      <subfield code="a">132 p. : </subfield>
      <subfield code="a">132 p. : </subfield>
      <subfield code="a">253 p. : </subfield>
      <subfield code="b">il. ; </subfield>
      <subfield code="a">261 p. : </subfield>
      <subfield code="b">il. ; </subfield>
      <subfield code="a">117 p. : </subfield>
      <subfield code="a">521 p. : </subfield>
      <subfield code="b">il. ; </subfield>
      <subfield code="a">521 p. : </subfield>
      <subfield code="b">il. ; </subfield>
      <subfield code="a">212 p. : </subfield>
      <subfield code="b">il. ; </subfield>
      <subfield code="a">xvi, 382 p. : </subfield>
      <subfield code="b">il. ; </subfield>
      <subfield code="a">116 p. : </subfield>
      <subfield code="b">il. ; </subfield>
      <subfield code="a">345 P. : </subfield>
      <subfield code="b">il. ; </subfield>
      <subfield code="a">471 p. : </subfield>
      <subfield code="a">124 p. : </subfield>
      <subfield code="a">547 p. : </subfield>
      <subfield code="a">91 p., [30] h. de láms. : </subfield>
      <subfield code="b">il. ; </subfield>
      <subfield code="a">xxiv, 200 p. : </subfield>
      <subfield code="a">423 p. : </subfield>
      <subfield code="b">il. ; </subfield>
      <subfield code="a">206 p. : </subfield>
      <subfield code="a">270 p. : </subfield>
      <subfield code="a">172 p. : </subfield>
      <subfield code="a">67 p. : </subfield>
      <subfield code="a">xvi, 604 p. : </subfield>
      <subfield code="b">il. ; </subfield>
      <subfield code="a">346 p. : </subfield>
      <subfield code="b">il. ; </subfield>
      <subfield code="a">121 p. : </subfield>
      <subfield code="b">il. ; </subfield>
      <subfield code="a">66 p. : </subfield>
      <subfield code="a">278 p. : </subfield>
      <subfield code="a">310 p. : </subfield>
      <subfield code="a">xv, 193 p. : </subfield>
      <subfield code="b">il. ; </subfield>
      <subfield code="a">xii, 301 p. : </subfield>
      <subfield code="a">173 p. : </subfield>
      <subfield code="b">il. ; </subfield>
      <subfield code="a">147 p. : </subfield>
      <subfield code="a">89 p. : </subfield>
      <subfield code="a">320 p. : </subfield>
      <subfield code="a">336 p. : </subfield>
      <subfield code="a">67 p. : </subfield>
      <subfield code="a">268 p. : </subfield>
      <subfield code="a">132 p. : </subfield>
      <subfield code="a">159 p. : </subfield>
      <subfield code="a">268 p. : </subfield>
      <subfield code="a">184 p. : </subfield>
      <subfield code="a">136 p. : </subfield>
      <subfield code="a">278 p. : </subfield>
      <subfield code="a">56 p. : </subfield>
      <subfield code="b">il. ; </subfield>
      <subfield code="a">90 p. : </subfield>
      <subfield code="b">il. ; </subfield>
      <subfield code="a">516 p. : </subfield>
      <subfield code="a">95 p. : </subfield>
      <subfield code="a">59 p. : </subfield>
      <subfield code="a">206 p. : </subfield>
      <subfield code="a">168 p. : </subfield>
      <subfield code="a">198 p. : </subfield>
      <subfield code="b">il. ; </subfield>
      <subfield code="a">214 p. : </subfield>
      <subfield code="a">327 p. : </subfield>
      <subfield code="a">335 p. : </subfield>
      <subfield code="a">365 p. : </subfield>
      <subfield code="b">il. ; </subfield>
      <subfield code="a">265 p. : </subfield>
      <subfield code="b">il. ; </subfield>
      <subfield code="a">385 p. : </subfield>
      <subfield code="a">557 p. : </subfield>
      <subfield code="a">92 p. : </subfield>
      <subfield code="a">194 p. : </subfield>
      <subfield code="b">il. ; </subfield>
      <subfield code="a">342 p. : </subfield>
      <subfield code="a">153 p. : </subfield>
      <subfield code="a">187 p. : </subfield>
      <subfield code="a">86 p. : </subfield>
      <subfield code="b">il. ; </subfield>
      <subfield code="a">302 p. : </subfield>
      <subfield code="a">110 p. : </subfield>
      <subfield code="a">92 p. : </subfield>
      <subfield code="b">il. ; </subfield>
      <subfield code="a">413 p. : </subfield>
      <subfield code="b">il. ; </subfield>
      <subfield code="a">123 p. : </subfield>
      <subfield code="a">343 p. : </subfield>
      <subfield code="a">296 p. : </subfield>
      <subfield code="b">il. ; </subfield>
      <subfield code="a">398 p. : </subfield>
      <subfield code="a">71 p. : </subfield>
      <subfield code="b">il. ; </subfield>
      <subfield code="a">398 p. : </subfield>
      <subfield code="b">il. ; </subfield>
      <subfield code="a">200 p. : </subfield>
      <subfield code="a">110 p. : </subfield>
      <subfield code="b">il. ; </subfield>
      <subfield code="a">214 p. : </subfield>
      <subfield code="b">il. ; </subfield>
      <subfield code="a">viii, 313 p. : </subfield>
      <subfield code="b">il. ; </subfield>
      <subfield code="a">99 p. : </subfield>
      <subfield code="b">il. ; </subfield>
      <subfield code="a">176 p. : </subfield>
      <subfield code="a">v. : </subfield>
      <subfield code="b">il. ; </subfield>
      <subfield code="a">407 p. : </subfield>
      <subfield code="b">il. ; </subfield>
      <subfield code="a">712 p. : </subfield>
      <subfield code="b">il. ; </subfield>
      <subfield code="a">557 p. : </subfield>
      <subfield code="b">il. ; </subfield>
      <subfield code="a">127 p. : </subfield>
      <subfield code="a">444 p. : </subfield>
      <subfield code="a">272 p. : </subfield>
      <subfield code="a">383 p. : </subfield>
      <subfield code="b">il. ; </subfield>
      <subfield code="a">118 p. : </subfield>
      <subfield code="a">191 p. : </subfield>
      <subfield code="b">il. ; </subfield>
      <subfield code="a">xxiv, 488 p. : </subfield>
      <subfield code="b">il. ; </subfield>
      <subfield code="e">1 CD-ROM en bosillo</subfield>
    </datafield>
    <datafield tag="500" ind1=" " ind2=" ">
      <subfield code="a">La fecha de impresión varía según el ejemplar</subfield>
    </datafield>
    <datafield tag="650" ind1=" " ind2=" ">
      <subfield code="a"> CONTABILIDAD</subfield>
    </datafield>
    <datafield tag="650" ind1=" " ind2=" ">
      <subfield code="a"> INFORMATICA APLICADA</subfield>
    </datafield>
    <datafield tag="942" ind1=" " ind2=" ">
      <subfield code="c">BK</subfield>
    </datafield>
    <datafield tag="952" ind1=" " ind2=" ">
      <subfield code="a">BIB_RECT</subfield>
      <subfield code="b">BIB_UACO</subfield>
      <subfield code="d">2008-06-09</subfield>
      <subfield code="y">BK</subfield>
      <subfield code="p">02-00309</subfield>
      <subfield code="i">02-00309</subfield>
      <subfield code="g">30</subfield>
      <subfield code="o">657 F785cu</subfield>
      <subfield code="e">Migración UACO</subfield>
      <subfield code="8">CG</subfield>
    </datafield>
    <datafield tag="952" ind1=" " ind2=" ">
      <subfield code="a">BIB_RECT</subfield>
      <subfield code="b">BIB_UACO</subfield>
      <subfield code="d">2008-06-09</subfield>
      <subfield code="y">BK</subfield>
      <subfield code="p">02-00435</subfield>
      <subfield code="i">02-00435</subfield>
      <subfield code="g">30</subfield>
      <subfield code="o">657 F785cu</subfield>
      <subfield code="e">Migración UACO</subfield>
      <subfield code="8">CG</subfield>
    </datafield>
    <datafield tag="952" ind1=" " ind2=" ">
      <subfield code="a">BIB_RECT</subfield>
      <subfield code="b">BIB_UACO</subfield>
      <subfield code="d">2008-06-09</subfield>
      <subfield code="y">BK</subfield>
      <subfield code="p">02-03207</subfield>
      <subfield code="i">02-03207</subfield>
      <subfield code="g">30</subfield>
      <subfield code="o">657 F785cu</subfield>
      <subfield code="e">Migración UACO</subfield>
      <subfield code="8">CG</subfield>
    </datafield>
    <datafield tag="952" ind1=" " ind2=" ">
      <subfield code="a">BIB_RECT</subfield>
      <subfield code="b">BIB_UACO</subfield>
      <subfield code="d">2008-06-09</subfield>
      <subfield code="y">BK</subfield>
      <subfield code="p">02-03208</subfield>
      <subfield code="i">02-03208</subfield>
      <subfield code="g">30</subfield>
      <subfield code="o">657 F785cu</subfield>
      <subfield code="e">Migración UACO</subfield>
      <subfield code="8">CG</subfield>
    </datafield>
    <datafield tag="952" ind1=" " ind2=" ">
      <subfield code="a">BIB_RECT</subfield>
      <subfield code="b">BIB_UACO</subfield>
      <subfield code="d">2008-06-09</subfield>
      <subfield code="y">BK</subfield>
      <subfield code="p">02-03209</subfield>
      <subfield code="i">02-03209</subfield>
      <subfield code="g">30</subfield>
      <subfield code="o">657 F785cu</subfield>
      <subfield code="e">Migración UACO</subfield>
      <subfield code="8">CG</subfield>
    </datafield>
    <datafield tag="952" ind1=" " ind2=" ">
      <subfield code="a">BIB_RECT</subfield>
      <subfield code="b">BIB_UACO</subfield>
      <subfield code="d">2008-06-09</subfield>
      <subfield code="y">BK</subfield>
      <subfield code="p">02-04118</subfield>
      <subfield code="i">02-04118</subfield>
      <subfield code="g">30</subfield>
      <subfield code="o">657 F785cu</subfield>
      <subfield code="e">Migración UACO</subfield>
      <subfield code="8">CG</subfield>
    </datafield>
    <datafield tag="952" ind1=" " ind2=" ">
      <subfield code="a">BIB_RECT</subfield>
      <subfield code="b">BIB_UACO</subfield>
      <subfield code="d">2008-06-09</subfield>
      <subfield code="y">BK</subfield>
      <subfield code="p">02-04119</subfield>
      <subfield code="i">02-04119</subfield>
      <subfield code="g">30</subfield>
      <subfield code="o">657 F785cu</subfield>
      <subfield code="e">Migración UACO</subfield>
      <subfield code="8">CG</subfield>
    </datafield>
    <datafield tag="952" ind1=" " ind2=" ">
      <subfield code="a">BIB_RECT</subfield>
      <subfield code="b">BIB_UACO</subfield>
      <subfield code="d">2008-06-02</subfield>
      <subfield code="y">BK</subfield>
      <subfield code="p">02-35872</subfield>
      <subfield code="i">02-35872</subfield>
      <subfield code="g">30</subfield>
      <subfield code="o">657 F785cu</subfield>
      <subfield code="e">Donación Zalaya, Daniela Valeria</subfield>
      <subfield code="8">CG</subfield>
    </datafield>
    <datafield tag="952" ind1=" " ind2=" ">
      <subfield code="a">BIB_RECT</subfield>
      <subfield code="b">BIB_UASJ</subfield>
      <subfield code="d">2008-06-09</subfield>
      <subfield code="y">BK</subfield>
      <subfield code="p">04-00596</subfield>
      <subfield code="i">04-00596</subfield>
      <subfield code="g">30</subfield>
      <subfield code="o">657 F785cu</subfield>
      <subfield code="e">Migración UASJ</subfield>
      <subfield code="8">CG</subfield>
    </datafield>
    <datafield tag="952" ind1=" " ind2=" ">
      <subfield code="a">BIB_RECT</subfield>
      <subfield code="b">BIB_UASJ</subfield>
      <subfield code="d">2008-06-09</subfield>
      <subfield code="y">BK</subfield>
      <subfield code="p">04-00597</subfield>
      <subfield code="i">04-00597</subfield>
      <subfield code="g">30</subfield>
      <subfield code="o">657 F785cu</subfield>
      <subfield code="e">Migración UASJ</subfield>
      <subfield code="8">CG</subfield>
    </datafield>
    <datafield tag="952" ind1=" " ind2=" ">
      <subfield code="a">BIB_RECT</subfield>
      <subfield code="b">BIB_UARG</subfield>
      <subfield code="d">2008-06-09</subfield>
      <subfield code="y">BK</subfield>
      <subfield code="p">05-07296</subfield>
      <subfield code="i">05-07296</subfield>
      <subfield code="g">30</subfield>
      <subfield code="o">657 F785cu</subfield>
      <subfield code="e">Migración UARG</subfield>
      <subfield code="8">CG</subfield>
    </datafield>
    <datafield tag="952" ind1=" " ind2=" ">
      <subfield code="a">BIB_RECT</subfield>
      <subfield code="b">BIB_UARG</subfield>
      <subfield code="d">2008-06-09</subfield>
      <subfield code="y">BK</subfield>
      <subfield code="p">05-07300</subfield>
      <subfield code="i">05-07300</subfield>
      <subfield code="g">30</subfield>
      <subfield code="o">657 F785cu</subfield>
      <subfield code="e">Migración UARG</subfield>
      <subfield code="8">CG</subfield>
    </datafield>
    <datafield tag="952" ind1=" " ind2=" ">
      <subfield code="a">BIB_RECT</subfield>
      <subfield code="b">BIB_UARG</subfield>
      <subfield code="d">2008-06-09</subfield>
      <subfield code="y">BK</subfield>
      <subfield code="p">05-13744</subfield>
      <subfield code="i">05-13744</subfield>
      <subfield code="g">30</subfield>
      <subfield code="o">657 F785cu</subfield>
      <subfield code="e">Migracion UARG</subfield>
      <subfield code="8">CG</subfield>
    </datafield>
    <datafield tag="952" ind1=" " ind2=" ">
      <subfield code="a">BIB_RECT</subfield>
      <subfield code="b">BIB_UARG</subfield>
      <subfield code="d">2008-06-09</subfield>
      <subfield code="y">BK</subfield>
      <subfield code="p">05-13745</subfield>
      <subfield code="i">05-13745</subfield>
      <subfield code="g">49</subfield>
      <subfield code="o">657 F785cu</subfield>
      <subfield code="e">Migracion UARG</subfield>
      <subfield code="8">CG</subfield>
    </datafield>
  </record>