
  <record>
    <leader>01000aam  22002601a 4500</leader>
    <controlfield tag="001">YPZ88876</controlfield>
    <controlfield tag="003">YPZ</controlfield>
    <controlfield tag="005">200806091300140</controlfield>
    <controlfield tag="008">080609|###########||||||b||||||||||spa|d</controlfield>
    <datafield tag="020" ind1=" " ind2=" ">
      <subfield code="a">9789870229780</subfield>
    </datafield>
    <datafield tag="040" ind1=" " ind2=" ">
      <subfield code="c">SIUNPA</subfield>
    </datafield>
    <datafield tag="041" ind1=" " ind2=" ">
      <subfield code="a">spa</subfield>
    </datafield>
    <datafield tag="044" ind1=" " ind2=" ">
      <subfield code="a">AR</subfield>
    </datafield>
    <datafield tag="080" ind1=" " ind2=" ">
      <subfield code="a">372.46 P437s</subfield>
    </datafield>
    <datafield tag="100" ind1=" " ind2=" ">
      <subfield code="a">Pereyra, Alicia Esther.</subfield>
    </datafield>
    <datafield tag="245" ind1=" " ind2=" ">
      <subfield code="a">Los saberes del sujeto escolar y su despliegue en la escritura literaria</subfield>
    </datafield>
    <datafield tag="260" ind1=" " ind2=" ">
      <subfield code="a">Buenos Aires</subfield>
      <subfield code="b"> : Dunken</subfield>
      <subfield code="c"> , 2008</subfield>
    </datafield>
    <datafield tag="650" ind1=" " ind2=" ">
      <subfield code="a"> ENSEÑANZA DE LA ESCRITURA</subfield>
    </datafield>
    <datafield tag="650" ind1=" " ind2=" ">
      <subfield code="a"> METODOS DE ENSEÑANZA</subfield>
    </datafield>
    <datafield tag="650" ind1=" " ind2=" ">
      <subfield code="a"> ACTIVIDADES DE APRENDIZAJE</subfield>
    </datafield>
    <datafield tag="650" ind1=" " ind2=" ">
      <subfield code="a"> ESCRITURA DE CREACION</subfield>
    </datafield>
    <datafield tag="650" ind1=" " ind2=" ">
      <subfield code="a"> ENSEÑANZA DE LA LITERATURA</subfield>
    </datafield>
    <datafield tag="942" ind1=" " ind2=" ">
      <subfield code="c">BK</subfield>
    </datafield>
    <datafield tag="952" ind1=" " ind2=" ">
      <subfield code="a">BIB_RECT</subfield>
      <subfield code="b">BIB_UACO</subfield>
      <subfield code="d">2008-06-02</subfield>
      <subfield code="y">BK</subfield>
      <subfield code="p">02-35857</subfield>
      <subfield code="i">02-35857</subfield>
      <subfield code="g">18</subfield>
      <subfield code="o">372.46 P437s</subfield>
      <subfield code="e">Donación Pereyra, Alicia Esther</subfield>
      <subfield code="8">CG</subfield>
    </datafield>
    <datafield tag="952" ind1=" " ind2=" ">
      <subfield code="a">BIB_RECT</subfield>
      <subfield code="b">BIB_UACO</subfield>
      <subfield code="d">2008-06-02</subfield>
      <subfield code="y">BK</subfield>
      <subfield code="p">02-35858</subfield>
      <subfield code="i">02-35858</subfield>
      <subfield code="g">18</subfield>
      <subfield code="o">372.46 P437s</subfield>
      <subfield code="e">Donación Pereyra, Alicia Esther</subfield>
      <subfield code="8">CG</subfield>
    </datafield>
    <datafield tag="952" ind1=" " ind2=" ">
      <subfield code="a">BIB_RECT</subfield>
      <subfield code="b">BIB_UACO</subfield>
      <subfield code="d">2008-06-02</subfield>
      <subfield code="y">BK</subfield>
      <subfield code="p">02-35859</subfield>
      <subfield code="i">02-35859</subfield>
      <subfield code="g">18</subfield>
      <subfield code="o">372.46 P437s</subfield>
      <subfield code="e">Donación Pereyra, Alicia Esther</subfield>
      <subfield code="8">CG</subfield>
    </datafield>
    <datafield tag="952" ind1=" " ind2=" ">
      <subfield code="a">BIB_RECT</subfield>
      <subfield code="b">BIB_UACO</subfield>
      <subfield code="d">2008-06-02</subfield>
      <subfield code="y">BK</subfield>
      <subfield code="p">02-35860</subfield>
      <subfield code="i">02-35860</subfield>
      <subfield code="g">18</subfield>
      <subfield code="o">372.46 P437s</subfield>
      <subfield code="e">Donación Pereyra, Alicia Esther</subfield>
      <subfield code="8">CG</subfield>
    </datafield>
    <datafield tag="952" ind1=" " ind2=" ">
      <subfield code="a">BIB_RECT</subfield>
      <subfield code="b">BIB_UACO</subfield>
      <subfield code="d">2008-06-02</subfield>
      <subfield code="y">BK</subfield>
      <subfield code="p">02-35861</subfield>
      <subfield code="i">02-35861</subfield>
      <subfield code="g">18</subfield>
      <subfield code="o">372.46 P437s</subfield>
      <subfield code="e">Donación Pereyra, Alicia Esther</subfield>
      <subfield code="8">CG</subfield>
    </datafield>
    <datafield tag="952" ind1=" " ind2=" ">
      <subfield code="a">BIB_RECT</subfield>
      <subfield code="b">BIB_UACO</subfield>
      <subfield code="d">2008-06-02</subfield>
      <subfield code="y">BK</subfield>
      <subfield code="p">02-35862</subfield>
      <subfield code="i">02-35862</subfield>
      <subfield code="g">18</subfield>
      <subfield code="o">372.46 P437s</subfield>
      <subfield code="e">Donación Pereyra, Alicia Esther</subfield>
      <subfield code="8">CG</subfield>
    </datafield>
    <datafield tag="952" ind1=" " ind2=" ">
      <subfield code="a">BIB_RECT</subfield>
      <subfield code="b">BIB_UART</subfield>
      <subfield code="d">2008-06-20</subfield>
      <subfield code="y">BK</subfield>
      <subfield code="p">03-36059</subfield>
      <subfield code="i">03-36059</subfield>
      <subfield code="g">18</subfield>
      <subfield code="o">372.46 P437s</subfield>
      <subfield code="e">Donación UACO</subfield>
      <subfield code="8">CG</subfield>
    </datafield>
    <datafield tag="952" ind1=" " ind2=" ">
      <subfield code="a">BIB_RECT</subfield>
      <subfield code="b">BIB_UART</subfield>
      <subfield code="d">2008-06-20</subfield>
      <subfield code="y">BK</subfield>
      <subfield code="p">03-36060</subfield>
      <subfield code="i">03-36060</subfield>
      <subfield code="g">18</subfield>
      <subfield code="o">372.46 P437s</subfield>
      <subfield code="e">Donación UACO</subfield>
      <subfield code="8">CG</subfield>
    </datafield>
    <datafield tag="952" ind1=" " ind2=" ">
      <subfield code="a">BIB_RECT</subfield>
      <subfield code="b">BIB_UASJ</subfield>
      <subfield code="d">2008-06-20</subfield>
      <subfield code="y">BK</subfield>
      <subfield code="p">04-36057</subfield>
      <subfield code="i">04-36057</subfield>
      <subfield code="g">18</subfield>
      <subfield code="o">372.46 P437s</subfield>
      <subfield code="e">Donación UACO</subfield>
      <subfield code="8">CG</subfield>
    </datafield>
    <datafield tag="952" ind1=" " ind2=" ">
      <subfield code="a">BIB_RECT</subfield>
      <subfield code="b">BIB_UASJ</subfield>
      <subfield code="d">2008-06-20</subfield>
      <subfield code="y">BK</subfield>
      <subfield code="p">04-36058</subfield>
      <subfield code="i">04-36058</subfield>
      <subfield code="g">18</subfield>
      <subfield code="o">372.46 P437s</subfield>
      <subfield code="e">Donación UACO</subfield>
      <subfield code="8">CG</subfield>
    </datafield>
    <datafield tag="952" ind1=" " ind2=" ">
      <subfield code="a">BIB_RECT</subfield>
      <subfield code="b">BIB_UARG</subfield>
      <subfield code="d">2008-06-20</subfield>
      <subfield code="y">BK</subfield>
      <subfield code="p">05-36061</subfield>
      <subfield code="i">05-36061</subfield>
      <subfield code="g">18</subfield>
      <subfield code="o">372.46 P437s</subfield>
      <subfield code="e">Donación UACO</subfield>
      <subfield code="8">CG</subfield>
    </datafield>
    <datafield tag="952" ind1=" " ind2=" ">
      <subfield code="a">BIB_RECT</subfield>
      <subfield code="b">BIB_UARG</subfield>
      <subfield code="d">2008-06-20</subfield>
      <subfield code="y">BK</subfield>
      <subfield code="p">05-36062</subfield>
      <subfield code="i">05-36062</subfield>
      <subfield code="g">18</subfield>
      <subfield code="o">372.46 P437s</subfield>
      <subfield code="e">Donación UACO</subfield>
      <subfield code="8">CG</subfield>
    </datafield>
    <datafield tag="952" ind1=" " ind2=" ">
      <subfield code="a">BIB_RECT</subfield>
      <subfield code="b">SAT_TRUN</subfield>
      <subfield code="d">2008-06-20</subfield>
      <subfield code="y">BK</subfield>
      <subfield code="p">10-36055</subfield>
      <subfield code="i">10-36055</subfield>
      <subfield code="g">18</subfield>
      <subfield code="o">372.46 P437s</subfield>
      <subfield code="e">Donación UACO</subfield>
      <subfield code="8">CG</subfield>
    </datafield>
    <datafield tag="952" ind1=" " ind2=" ">
      <subfield code="a">BIB_RECT</subfield>
      <subfield code="b">SAT_PBNA</subfield>
      <subfield code="d">2008-06-20</subfield>
      <subfield code="y">BK</subfield>
      <subfield code="p">11-36054</subfield>
      <subfield code="i">11-36054</subfield>
      <subfield code="g">18</subfield>
      <subfield code="o">372.46 P437s</subfield>
      <subfield code="e">Donación UACO</subfield>
      <subfield code="8">CG</subfield>
    </datafield>
    <datafield tag="952" ind1=" " ind2=" ">
      <subfield code="a">BIB_RECT</subfield>
      <subfield code="b">SAT_GREG</subfield>
      <subfield code="d">2008-06-20</subfield>
      <subfield code="y">BK</subfield>
      <subfield code="p">18-36056</subfield>
      <subfield code="i">18-36056</subfield>
      <subfield code="g">18</subfield>
      <subfield code="o">372.46 P437s</subfield>
      <subfield code="e">Donación UACO</subfield>
      <subfield code="8">CG</subfield>
    </datafield>
  </record>