
  <record>
    <leader>01000aam  22002601a 4500</leader>
    <controlfield tag="001">YPZ88879</controlfield>
    <controlfield tag="003">YPZ</controlfield>
    <controlfield tag="005">200806091454350</controlfield>
    <controlfield tag="008">080609|###########||||||b||||||||||spa|d</controlfield>
    <datafield tag="020" ind1=" " ind2=" ">
      <subfield code="a">9789871242245</subfield>
    </datafield>
    <datafield tag="040" ind1=" " ind2=" ">
      <subfield code="c">SIUNPA</subfield>
    </datafield>
    <datafield tag="041" ind1=" " ind2=" ">
      <subfield code="a">spa</subfield>
    </datafield>
    <datafield tag="044" ind1=" " ind2=" ">
      <subfield code="a">AR</subfield>
    </datafield>
    <datafield tag="080" ind1=" " ind2=" ">
      <subfield code="a">004 R444p 12</subfield>
    </datafield>
    <datafield tag="110" ind1=" " ind2=" ">
      <subfield code="a">Reunión de Trabajo en Procesamiento de la Información y Control (12 : 2007 : Río Gallegos).</subfield>
    </datafield>
    <datafield tag="710" ind1=" " ind2=" ">
      <subfield code="a">Reunión de Trabajo en Procesamiento de la Información y Control Estudiantil (3: 2007 : Río Gallegos).</subfield>
    </datafield>
    <datafield tag="245" ind1=" " ind2=" ">
      <subfield code="a">XII RPIC - III RPIC estudiantil</subfield>
      <subfield code="b"> : resúmenes de trabajos</subfield>
    </datafield>
    <datafield tag="250" ind1=" " ind2=" ">
      <subfield code="a">1a ed.</subfield>
    </datafield>
    <datafield tag="260" ind1=" " ind2=" ">
      <subfield code="a">Río Gallegos</subfield>
      <subfield code="b"> : Universidad Nacional de la Patagonia Austral</subfield>
      <subfield code="c"> , 2007</subfield>
    </datafield>
    <datafield tag="650" ind1=" " ind2=" ">
      <subfield code="a"> PROCESAMIENTO DE LA INFORMACION</subfield>
    </datafield>
    <datafield tag="650" ind1=" " ind2=" ">
      <subfield code="a"> INTELIGENCIA ARTIFICIAL</subfield>
    </datafield>
    <datafield tag="650" ind1=" " ind2=" ">
      <subfield code="a"> INGENIERIA ELECTRICA</subfield>
    </datafield>
    <datafield tag="650" ind1=" " ind2=" ">
      <subfield code="a"> ROBOTICA </subfield>
    </datafield>
    <datafield tag="650" ind1=" " ind2=" ">
      <subfield code="a"> INFORMATICA APLICADA</subfield>
    </datafield>
    <datafield tag="650" ind1=" " ind2=" ">
      <subfield code="a"> INFORMATICA</subfield>
    </datafield>
    <datafield tag="942" ind1=" " ind2=" ">
      <subfield code="c">BK</subfield>
    </datafield>
    <datafield tag="952" ind1=" " ind2=" ">
      <subfield code="a">BIB_RECT</subfield>
      <subfield code="b">BIB_UACO</subfield>
      <subfield code="d">2008-06-06</subfield>
      <subfield code="y">BK</subfield>
      <subfield code="p">02-35892</subfield>
      <subfield code="i">02-35892</subfield>
      <subfield code="g">20</subfield>
      <subfield code="o">004 R444p 12</subfield>
      <subfield code="e">Donación comité RPIC</subfield>
      <subfield code="8">CG</subfield>
    </datafield>
    <datafield tag="952" ind1=" " ind2=" ">
      <subfield code="a">BIB_RECT</subfield>
      <subfield code="b">BIB_UART</subfield>
      <subfield code="d">2008-06-06</subfield>
      <subfield code="y">BK</subfield>
      <subfield code="p">03-35897</subfield>
      <subfield code="i">03-35897</subfield>
      <subfield code="g">20</subfield>
      <subfield code="o">004 R444p 12</subfield>
      <subfield code="e">Donación Comité RPIC</subfield>
      <subfield code="8">CG</subfield>
    </datafield>
    <datafield tag="952" ind1=" " ind2=" ">
      <subfield code="a">BIB_RECT</subfield>
      <subfield code="b">BIB_UASJ</subfield>
      <subfield code="d">2008-06-06</subfield>
      <subfield code="y">BK</subfield>
      <subfield code="p">04-35902</subfield>
      <subfield code="i">04-35902</subfield>
      <subfield code="g">20</subfield>
      <subfield code="o">004 R444p 12</subfield>
      <subfield code="e">Donación Comité RPIC</subfield>
      <subfield code="8">CG</subfield>
    </datafield>
    <datafield tag="952" ind1=" " ind2=" ">
      <subfield code="a">BIB_RECT</subfield>
      <subfield code="b">BIB_UARG</subfield>
      <subfield code="d">2008-06-17</subfield>
      <subfield code="y">BK</subfield>
      <subfield code="p">05-36087</subfield>
      <subfield code="i">05-36087</subfield>
      <subfield code="g">20</subfield>
      <subfield code="o">004 R444p 12</subfield>
      <subfield code="e">Donación Osiris, Sofía</subfield>
      <subfield code="8">CG</subfield>
    </datafield>
  </record>