
  <record>
    <leader>01000aam  22002601a 4500</leader>
    <controlfield tag="001">YPZ88892</controlfield>
    <controlfield tag="003">YPZ</controlfield>
    <controlfield tag="005">200806101549460</controlfield>
    <controlfield tag="008">080610|###########||||||b||||||||||spa|d</controlfield>
    <datafield tag="020" ind1=" " ind2=" ">
      <subfield code="a">8472327906</subfield>
    </datafield>
    <datafield tag="040" ind1=" " ind2=" ">
      <subfield code="c">SIUNPA</subfield>
    </datafield>
    <datafield tag="041" ind1=" " ind2=" ">
      <subfield code="a">spa</subfield>
    </datafield>
    <datafield tag="044" ind1=" " ind2=" ">
      <subfield code="a">ES</subfield>
    </datafield>
    <datafield tag="080" ind1=" " ind2=" ">
      <subfield code="a">329.14 J968j</subfield>
    </datafield>
    <datafield tag="100" ind1=" " ind2=" ">
      <subfield code="a">Justo, Juan B..</subfield>
    </datafield>
    <datafield tag="245" ind1=" " ind2=" ">
      <subfield code="a">Juan B. Justo</subfield>
      <subfield code="c"> / Franzé, Javier, ed.</subfield>
    </datafield>
    <datafield tag="260" ind1=" " ind2=" ">
      <subfield code="a">Madrid</subfield>
      <subfield code="b"> : Ediciones de Cultura Hispánica</subfield>
      <subfield code="c"> , 1998</subfield>
    </datafield>
    <datafield tag="440" ind1=" " ind2=" ">
      <subfield code="a">Lingüística</subfield>
      <subfield code="a">Antología del pensamiento político social y económico de América Latina</subfield>
      <subfield code="v">18</subfield>
    </datafield>
    <datafield tag="490" ind1=" " ind2=" ">
      <subfield code="a">Lingüística</subfield>
      <subfield code="a">Antología del pensamiento político social y económico de América Latina</subfield>
      <subfield code="v">18</subfield>
    </datafield>
    <datafield tag="650" ind1=" " ind2=" ">
      <subfield code="a"> SOCIALISMO</subfield>
    </datafield>
    <datafield tag="650" ind1=" " ind2=" ">
      <subfield code="a"> HISTORIA ARGENTINA</subfield>
    </datafield>
    <datafield tag="942" ind1=" " ind2=" ">
      <subfield code="c">BK</subfield>
    </datafield>
    <datafield tag="952" ind1=" " ind2=" ">
      <subfield code="a">BIB_RECT</subfield>
      <subfield code="b">BIB_UARG</subfield>
      <subfield code="d">2008-06-06</subfield>
      <subfield code="y">BK</subfield>
      <subfield code="p">05-35887</subfield>
      <subfield code="i">05-35887</subfield>
      <subfield code="g">35</subfield>
      <subfield code="o">329.14 J968j</subfield>
      <subfield code="e">Canje SIUNPA</subfield>
      <subfield code="8">CG</subfield>
    </datafield>
  </record>