
  <record>
    <leader>01000aam  22002601a 4500</leader>
    <controlfield tag="001">YPZ88894</controlfield>
    <controlfield tag="003">YPZ</controlfield>
    <controlfield tag="005">200806101616430</controlfield>
    <controlfield tag="008">080610|###########||||||b||||||||||spa|d</controlfield>
    <datafield tag="020" ind1=" " ind2=" ">
      <subfield code="a">9501260577</subfield>
    </datafield>
    <datafield tag="040" ind1=" " ind2=" ">
      <subfield code="c">SIUNPA</subfield>
    </datafield>
    <datafield tag="041" ind1=" " ind2=" ">
      <subfield code="a">spa</subfield>
    </datafield>
    <datafield tag="044" ind1=" " ind2=" ">
      <subfield code="a">AR</subfield>
    </datafield>
    <datafield tag="080" ind1=" " ind2=" ">
      <subfield code="a">159.9.072 R253t</subfield>
    </datafield>
    <datafield tag="100" ind1=" " ind2=" ">
      <subfield code="a">Raven, John.</subfield>
    </datafield>
    <datafield tag="700" ind1=" " ind2=" ">
      <subfield code="a">Raven, John C..</subfield>
    </datafield>
    <datafield tag="700" ind1=" " ind2=" ">
      <subfield code="a">Court, John H..</subfield>
    </datafield>
    <datafield tag="245" ind1=" " ind2=" ">
      <subfield code="a">Test de matrices progresivas</subfield>
      <subfield code="b"> : manual</subfield>
      <subfield code="c"> / Piatigorsky, Jorge, tr.</subfield>
    </datafield>
    <datafield tag="250" ind1=" " ind2=" ">
      <subfield code="a">1a ed.</subfield>
    </datafield>
    <datafield tag="260" ind1=" " ind2=" ">
      <subfield code="a">Buenos Aires</subfield>
      <subfield code="b"> : Paidós</subfield>
      <subfield code="c"> , 1993</subfield>
    </datafield>
    <datafield tag="300" ind1=" " ind2=" ">
      <subfield code="a">108 p. : </subfield>
      <subfield code="a">vi, 82 p. : </subfield>
      <subfield code="a">181 p. : </subfield>
      <subfield code="a">xxi, 894 p. : </subfield>
      <subfield code="b">il. ; </subfield>
      <subfield code="a">939 p. : </subfield>
      <subfield code="b">il. ; </subfield>
      <subfield code="a">xx, 859 p. : </subfield>
      <subfield code="b">il. ; </subfield>
      <subfield code="a">149 p. : </subfield>
      <subfield code="a">440 p. : </subfield>
      <subfield code="b">il. ; </subfield>
      <subfield code="a">105 p. : </subfield>
      <subfield code="a">xxvii, 254 p : </subfield>
      <subfield code="a">257 p. : </subfield>
      <subfield code="a">255 p. : </subfield>
      <subfield code="b">il. ; </subfield>
      <subfield code="a">365 p. : </subfield>
      <subfield code="b">il. ; </subfield>
      <subfield code="a">244 p. : </subfield>
      <subfield code="b">il. ; </subfield>
      <subfield code="a">229 p. : </subfield>
      <subfield code="a">v. : </subfield>
      <subfield code="b">il. ; </subfield>
      <subfield code="a">[220] p. en varias paginaciones : </subfield>
      <subfield code="b">il. ; </subfield>
      <subfield code="e">1 carpeta de evaluación. Escala especial</subfield>
    </datafield>
    <datafield tag="500" ind1=" " ind2=" ">
      <subfield code="a">Subtítulo de la cubierta: escalas coloreada, general y avanzada</subfield>
    </datafield>
    <datafield tag="650" ind1=" " ind2=" ">
      <subfield code="a"> TEST DE MATRICES PROGRESIVAS DE RAVEN</subfield>
    </datafield>
    <datafield tag="650" ind1=" " ind2=" ">
      <subfield code="a"> TESTS DE INTELIGENCIA</subfield>
    </datafield>
    <datafield tag="650" ind1=" " ind2=" ">
      <subfield code="a"> TESTS GRAFICOS</subfield>
    </datafield>
    <datafield tag="942" ind1=" " ind2=" ">
      <subfield code="c">BK</subfield>
    </datafield>
    <datafield tag="952" ind1=" " ind2=" ">
      <subfield code="a">BIB_RECT</subfield>
      <subfield code="b">BIB_UARG</subfield>
      <subfield code="d">2008-06-10</subfield>
      <subfield code="y">BK</subfield>
      <subfield code="p">05-08784</subfield>
      <subfield code="i">05-08784</subfield>
      <subfield code="g">64</subfield>
      <subfield code="o">159.9.072 R253t</subfield>
      <subfield code="e">SUB. NAC./94</subfield>
      <subfield code="8">CG</subfield>
    </datafield>
  </record>