
  <record>
    <leader>01000aam  22002601a 4500</leader>
    <controlfield tag="001">YPZ88906</controlfield>
    <controlfield tag="003">YPZ</controlfield>
    <controlfield tag="005">200806111519500</controlfield>
    <controlfield tag="008">080611|###########||||||b||||||||||spa|d</controlfield>
    <datafield tag="020" ind1=" " ind2=" ">
      <subfield code="a">847232589X</subfield>
    </datafield>
    <datafield tag="040" ind1=" " ind2=" ">
      <subfield code="c">SIUNPA</subfield>
    </datafield>
    <datafield tag="041" ind1=" " ind2=" ">
      <subfield code="a">spa</subfield>
    </datafield>
    <datafield tag="044" ind1=" " ind2=" ">
      <subfield code="a">ES</subfield>
    </datafield>
    <datafield tag="080" ind1=" " ind2=" ">
      <subfield code="a">321.01 M491j</subfield>
    </datafield>
    <datafield tag="100" ind1=" " ind2=" ">
      <subfield code="a">Medina Echavarría, José.</subfield>
    </datafield>
    <datafield tag="245" ind1=" " ind2=" ">
      <subfield code="a">José Medina Echavarría</subfield>
      <subfield code="c"> / Maestre Alfonso, Juan, ed.</subfield>
    </datafield>
    <datafield tag="260" ind1=" " ind2=" ">
      <subfield code="a">Madrid</subfield>
      <subfield code="b"> : Ediciones de Cultura Hispánica</subfield>
      <subfield code="c"> , 1991</subfield>
    </datafield>
    <datafield tag="440" ind1=" " ind2=" ">
      <subfield code="a">Antología del pensamiento político, social y económico sobre América Latina</subfield>
      <subfield code="v">1</subfield>
    </datafield>
    <datafield tag="490" ind1=" " ind2=" ">
      <subfield code="a">Antología del pensamiento político, social y económico sobre América Latina</subfield>
      <subfield code="v">1</subfield>
    </datafield>
    <datafield tag="650" ind1=" " ind2=" ">
      <subfield code="a"> POLITICA ECONOMICA</subfield>
    </datafield>
    <datafield tag="650" ind1=" " ind2=" ">
      <subfield code="a"> TEORIAS SOCIOLOGICAS</subfield>
    </datafield>
    <datafield tag="650" ind1=" " ind2=" ">
      <subfield code="a"> SOCIOLOGOS</subfield>
    </datafield>
    <datafield tag="650" ind1=" " ind2=" ">
      <subfield code="a"> TEORIA DEL ESTADO</subfield>
    </datafield>
    <datafield tag="942" ind1=" " ind2=" ">
      <subfield code="c">BK</subfield>
    </datafield>
    <datafield tag="952" ind1=" " ind2=" ">
      <subfield code="a">BIB_RECT</subfield>
      <subfield code="b">BIB_UARG</subfield>
      <subfield code="d">2008-06-06</subfield>
      <subfield code="y">BK</subfield>
      <subfield code="p">05-35883</subfield>
      <subfield code="i">05-35883</subfield>
      <subfield code="g">35</subfield>
      <subfield code="o">321.01 M491j</subfield>
      <subfield code="e">Canje SIUNPA</subfield>
      <subfield code="8">CG</subfield>
    </datafield>
  </record>