
  <record>
    <leader>01000aam  22002601a 4500</leader>
    <controlfield tag="001">YPZ88920</controlfield>
    <controlfield tag="003">YPZ</controlfield>
    <controlfield tag="005">200806121417170</controlfield>
    <controlfield tag="008">080612|###########||||||b||||||||||spa|d</controlfield>
    <datafield tag="020" ind1=" " ind2=" ">
      <subfield code="a">9506581436</subfield>
    </datafield>
    <datafield tag="040" ind1=" " ind2=" ">
      <subfield code="c">SIUNPA</subfield>
    </datafield>
    <datafield tag="041" ind1=" " ind2=" ">
      <subfield code="a">spa</subfield>
    </datafield>
    <datafield tag="044" ind1=" " ind2=" ">
      <subfield code="a">AR</subfield>
    </datafield>
    <datafield tag="080" ind1=" " ind2=" ">
      <subfield code="a">902 R444i 3</subfield>
    </datafield>
    <datafield tag="110" ind1=" " ind2=" ">
      <subfield code="a">Reunión Internacional de Teoría Arqueológica en América del Sur (3 : 2000 : Olavarría).</subfield>
    </datafield>
    <datafield tag="245" ind1=" " ind2=" ">
      <subfield code="a">Teoría arqueológica en América del Sur</subfield>
      <subfield code="c"> / Politis, Gustavo G., ed. ; Peretti, Roberto D., ed.</subfield>
    </datafield>
    <datafield tag="260" ind1=" " ind2=" ">
      <subfield code="a">Olavarría</subfield>
      <subfield code="b"> : INCUAPA, Universidad Nacional del Centro de la Provincia de Buenos Aires</subfield>
      <subfield code="c"> , 2004</subfield>
    </datafield>
    <datafield tag="440" ind1=" " ind2=" ">
      <subfield code="a">Obras completas de Jorge Luis Borges</subfield>
      <subfield code="a">Serie teórica / INCUAPA - UNICEN</subfield>
      <subfield code="v">3</subfield>
    </datafield>
    <datafield tag="490" ind1=" " ind2=" ">
      <subfield code="a">Obras completas de Jorge Luis Borges</subfield>
      <subfield code="a">Serie teórica / INCUAPA - UNICEN</subfield>
      <subfield code="v">3</subfield>
    </datafield>
    <datafield tag="650" ind1=" " ind2=" ">
      <subfield code="a"> ARQUEOLOGIA</subfield>
    </datafield>
    <datafield tag="650" ind1=" " ind2=" ">
      <subfield code="a"> ANTROPOLOGIA CULTURAL</subfield>
    </datafield>
    <datafield tag="650" ind1=" " ind2=" ">
      <subfield code="a"> LUGARES DE INTERES ARQUEOLOGICO</subfield>
    </datafield>
    <datafield tag="650" ind1=" " ind2=" ">
      <subfield code="a"> AMERICA DEL SUR</subfield>
    </datafield>
    <datafield tag="942" ind1=" " ind2=" ">
      <subfield code="c">BK</subfield>
    </datafield>
    <datafield tag="952" ind1=" " ind2=" ">
      <subfield code="a">BIB_RECT</subfield>
      <subfield code="b">BIB_UARG</subfield>
      <subfield code="d">2008-06-10</subfield>
      <subfield code="y">BK</subfield>
      <subfield code="p">05-35958</subfield>
      <subfield code="i">05-35958</subfield>
      <subfield code="g">49</subfield>
      <subfield code="o">902 R444i 3</subfield>
      <subfield code="e">Borella, Florencia</subfield>
      <subfield code="8">CG</subfield>
    </datafield>
  </record>