
  <record>
    <leader>01000aam  22002601a 4500</leader>
    <controlfield tag="001">YPZ88924</controlfield>
    <controlfield tag="003">YPZ</controlfield>
    <controlfield tag="005">200806121641470</controlfield>
    <controlfield tag="008">080612|###########||||||b||||||||||spa|d</controlfield>
    <datafield tag="020" ind1=" " ind2=" ">
      <subfield code="a">9213225369</subfield>
    </datafield>
    <datafield tag="040" ind1=" " ind2=" ">
      <subfield code="c">SIUNPA</subfield>
    </datafield>
    <datafield tag="041" ind1=" " ind2=" ">
      <subfield code="a">spa</subfield>
    </datafield>
    <datafield tag="044" ind1=" " ind2=" ">
      <subfield code="a">CL</subfield>
    </datafield>
    <datafield tag="080" ind1=" " ind2=" ">
      <subfield code="a">631.52 T772t</subfield>
    </datafield>
    <datafield tag="245" ind1=" " ind2=" ">
      <subfield code="a">Los transgénicos en América Latina y el Caribe</subfield>
      <subfield code="b"> : un debate abierto</subfield>
      <subfield code="c"> / Bárcena, Alicia, ed. ; Katz, Jorge, ed. ; Morales, César, ed. ; Schaper, Marianne, ed.</subfield>
    </datafield>
    <datafield tag="260" ind1=" " ind2=" ">
      <subfield code="a">Santiago de Chile</subfield>
      <subfield code="b"> : CEPAL</subfield>
      <subfield code="c"> , 2004</subfield>
    </datafield>
    <datafield tag="440" ind1=" " ind2=" ">
      <subfield code="a">Serie praxia</subfield>
      <subfield code="a">Sección de obras de economía contemporánea</subfield>
      <subfield code="a">Libros de la CEPAL</subfield>
      <subfield code="v">78</subfield>
    </datafield>
    <datafield tag="490" ind1=" " ind2=" ">
      <subfield code="a">Serie praxia</subfield>
      <subfield code="a">Sección de obras de economía contemporánea</subfield>
      <subfield code="a">Libros de la CEPAL</subfield>
      <subfield code="v">78</subfield>
    </datafield>
    <datafield tag="650" ind1=" " ind2=" ">
      <subfield code="a"> PLANTAS TRANSGENICAS</subfield>
    </datafield>
    <datafield tag="650" ind1=" " ind2=" ">
      <subfield code="a"> BIOTECNOLOGIA</subfield>
    </datafield>
    <datafield tag="650" ind1=" " ind2=" ">
      <subfield code="a"> AMERICA LATINA</subfield>
    </datafield>
    <datafield tag="650" ind1=" " ind2=" ">
      <subfield code="a"> CARIBE</subfield>
    </datafield>
    <datafield tag="942" ind1=" " ind2=" ">
      <subfield code="c">BK</subfield>
    </datafield>
    <datafield tag="952" ind1=" " ind2=" ">
      <subfield code="a">BIB_RECT</subfield>
      <subfield code="b">BIB_UARG</subfield>
      <subfield code="d">2008-06-10</subfield>
      <subfield code="y">BK</subfield>
      <subfield code="p">05-35949</subfield>
      <subfield code="i">05-35949</subfield>
      <subfield code="g">30</subfield>
      <subfield code="o">631.52 T772t</subfield>
      <subfield code="e">Naciones Unidas</subfield>
      <subfield code="8">CG</subfield>
    </datafield>
  </record>