
  <record>
    <leader>01000aam  22002601a 4500</leader>
    <controlfield tag="001">YPZ89015</controlfield>
    <controlfield tag="003">YPZ</controlfield>
    <controlfield tag="005">200806231336520</controlfield>
    <controlfield tag="008">080623|###########||||||b||||||||||spa|d</controlfield>
    <datafield tag="040" ind1=" " ind2=" ">
      <subfield code="c">SIUNPA</subfield>
    </datafield>
    <datafield tag="041" ind1=" " ind2=" ">
      <subfield code="a">spa</subfield>
    </datafield>
    <datafield tag="044" ind1=" " ind2=" ">
      <subfield code="a">AR</subfield>
    </datafield>
    <datafield tag="080" ind1=" " ind2=" ">
      <subfield code="a">028.1 B253m2</subfield>
    </datafield>
    <datafield tag="100" ind1=" " ind2=" ">
      <subfield code="a">Barisani, Blas.</subfield>
    </datafield>
    <datafield tag="245" ind1=" " ind2=" ">
      <subfield code="a">Metodología del estudio y comprensión de textos</subfield>
      <subfield code="b"> : con un apéndice que contiene nociones de oratoria y periodismo</subfield>
    </datafield>
    <datafield tag="250" ind1=" " ind2=" ">
      <subfield code="a">2a ed.</subfield>
    </datafield>
    <datafield tag="260" ind1=" " ind2=" ">
      <subfield code="a">Buenos Aires</subfield>
      <subfield code="b"> : Escuela Argentina Modelo</subfield>
      <subfield code="c"> , 1977</subfield>
    </datafield>
    <datafield tag="440" ind1=" " ind2=" ">
      <subfield code="a">Ciencias de la Educación</subfield>
      <subfield code="a">Ciencias de la Educación</subfield>
      <subfield code="a">Ciencias de la Educación</subfield>
      <subfield code="a">Ciencias de la Educación</subfield>
      <subfield code="a">Cuadernos de la Escuela Argentina Modelo. Serie pedagogía</subfield>
      <subfield code="v">54</subfield>
    </datafield>
    <datafield tag="490" ind1=" " ind2=" ">
      <subfield code="a">Ciencias de la Educación</subfield>
      <subfield code="a">Ciencias de la Educación</subfield>
      <subfield code="a">Ciencias de la Educación</subfield>
      <subfield code="a">Ciencias de la Educación</subfield>
      <subfield code="a">Cuadernos de la Escuela Argentina Modelo. Serie pedagogía</subfield>
      <subfield code="v">54</subfield>
    </datafield>
    <datafield tag="650" ind1=" " ind2=" ">
      <subfield code="a"> COMPRENSION  PROCESO DE LECTURA</subfield>
    </datafield>
    <datafield tag="650" ind1=" " ind2=" ">
      <subfield code="a"> METODOS DE ENSEÑANZA</subfield>
    </datafield>
    <datafield tag="650" ind1=" " ind2=" ">
      <subfield code="a"> APRENDIZAJE</subfield>
    </datafield>
    <datafield tag="650" ind1=" " ind2=" ">
      <subfield code="a"> PROCESO DE APRENDIZAJE</subfield>
    </datafield>
    <datafield tag="650" ind1=" " ind2=" ">
      <subfield code="a"> LECTURA FUNCIONAL</subfield>
    </datafield>
    <datafield tag="942" ind1=" " ind2=" ">
      <subfield code="c">BK</subfield>
    </datafield>
    <datafield tag="952" ind1=" " ind2=" ">
      <subfield code="a">BIB_RECT</subfield>
      <subfield code="b">BIB_UASJ</subfield>
      <subfield code="d">2008-06-12</subfield>
      <subfield code="y">BK</subfield>
      <subfield code="p">04-36019</subfield>
      <subfield code="i">04-36019</subfield>
      <subfield code="g">19</subfield>
      <subfield code="o">028.1 B253m2</subfield>
      <subfield code="e">Donación</subfield>
      <subfield code="8">CG</subfield>
    </datafield>
  </record>