
  <record>
    <leader>01000aam  22002601a 4500</leader>
    <controlfield tag="001">YPZ89056</controlfield>
    <controlfield tag="003">YPZ</controlfield>
    <controlfield tag="005">200806251651200</controlfield>
    <controlfield tag="008">080625|###########||||||b||||||||||spa|d</controlfield>
    <datafield tag="020" ind1=" " ind2=" ">
      <subfield code="a">9500829940</subfield>
    </datafield>
    <datafield tag="040" ind1=" " ind2=" ">
      <subfield code="c">SIUNPA</subfield>
    </datafield>
    <datafield tag="041" ind1=" " ind2=" ">
      <subfield code="a">spa</subfield>
    </datafield>
    <datafield tag="044" ind1=" " ind2=" ">
      <subfield code="a">AR</subfield>
    </datafield>
    <datafield tag="080" ind1=" " ind2=" ">
      <subfield code="a">070.41 S487c</subfield>
    </datafield>
    <datafield tag="100" ind1=" " ind2=" ">
      <subfield code="a">Serra, Alfredo.</subfield>
    </datafield>
    <datafield tag="700" ind1=" " ind2=" ">
      <subfield code="a">Ritacco, Edgardo.</subfield>
    </datafield>
    <datafield tag="245" ind1=" " ind2=" ">
      <subfield code="a">Curso de periodismo escrito</subfield>
    </datafield>
    <datafield tag="260" ind1=" " ind2=" ">
      <subfield code="a">Buenos Aires</subfield>
      <subfield code="b"> : Atlántida</subfield>
      <subfield code="c"> , 2004</subfield>
    </datafield>
    <datafield tag="500" ind1=" " ind2=" ">
      <subfield code="a">Subtítulo de la cubierta: Los secretos de la profesión desde la teoría universitaria</subfield>
    </datafield>
    <datafield tag="650" ind1=" " ind2=" ">
      <subfield code="a"> PERIODISMO</subfield>
    </datafield>
    <datafield tag="650" ind1=" " ind2=" ">
      <subfield code="a"> GENERO PERIODISTICO</subfield>
    </datafield>
    <datafield tag="942" ind1=" " ind2=" ">
      <subfield code="c">BK</subfield>
    </datafield>
    <datafield tag="952" ind1=" " ind2=" ">
      <subfield code="a">BIB_RECT</subfield>
      <subfield code="b">BIB_UARG</subfield>
      <subfield code="d">2008-06-19</subfield>
      <subfield code="y">BK</subfield>
      <subfield code="p">05-36108</subfield>
      <subfield code="i">05-36108</subfield>
      <subfield code="g">20</subfield>
      <subfield code="o">070.41 S487c</subfield>
      <subfield code="e">SIUNPA</subfield>
      <subfield code="8">CG</subfield>
    </datafield>
    <datafield tag="952" ind1=" " ind2=" ">
      <subfield code="a">BIB_RECT</subfield>
      <subfield code="b">BIB_UARG</subfield>
      <subfield code="d">2008-06-19</subfield>
      <subfield code="y">BK</subfield>
      <subfield code="p">05-36109</subfield>
      <subfield code="i">05-36109</subfield>
      <subfield code="g">20</subfield>
      <subfield code="o">070.41 S487c</subfield>
      <subfield code="e">SIUNPA</subfield>
      <subfield code="8">CG</subfield>
    </datafield>
    <datafield tag="952" ind1=" " ind2=" ">
      <subfield code="a">BIB_RECT</subfield>
      <subfield code="b">BIB_UARG</subfield>
      <subfield code="d">2008-06-19</subfield>
      <subfield code="y">BK</subfield>
      <subfield code="p">05-36110</subfield>
      <subfield code="i">05-36110</subfield>
      <subfield code="g">20</subfield>
      <subfield code="o">070.41 S487c</subfield>
      <subfield code="e">SIUNPA</subfield>
      <subfield code="8">CG</subfield>
    </datafield>
    <datafield tag="952" ind1=" " ind2=" ">
      <subfield code="a">BIB_RECT</subfield>
      <subfield code="b">BIB_UARG</subfield>
      <subfield code="d">2008-06-19</subfield>
      <subfield code="y">BK</subfield>
      <subfield code="p">05-36111</subfield>
      <subfield code="i">05-36111</subfield>
      <subfield code="g">20</subfield>
      <subfield code="o">070.41 S487c</subfield>
      <subfield code="e">SIUNPA</subfield>
      <subfield code="8">CG</subfield>
    </datafield>
    <datafield tag="952" ind1=" " ind2=" ">
      <subfield code="a">BIB_RECT</subfield>
      <subfield code="b">BIB_UARG</subfield>
      <subfield code="d">2008-06-19</subfield>
      <subfield code="y">BK</subfield>
      <subfield code="p">05-36112</subfield>
      <subfield code="i">05-36112</subfield>
      <subfield code="g">20</subfield>
      <subfield code="o">070.41 S487c</subfield>
      <subfield code="e">SIUNPA</subfield>
      <subfield code="8">CG</subfield>
    </datafield>
    <datafield tag="952" ind1=" " ind2=" ">
      <subfield code="a">BIB_RECT</subfield>
      <subfield code="b">BIB_UARG</subfield>
      <subfield code="d">2008-06-19</subfield>
      <subfield code="y">BK</subfield>
      <subfield code="p">05-36113</subfield>
      <subfield code="i">05-36113</subfield>
      <subfield code="g">20</subfield>
      <subfield code="o">070.41 S487c</subfield>
      <subfield code="e">SIUNPA</subfield>
      <subfield code="8">CG</subfield>
    </datafield>
    <datafield tag="952" ind1=" " ind2=" ">
      <subfield code="a">BIB_RECT</subfield>
      <subfield code="b">BIB_UARG</subfield>
      <subfield code="d">2008-06-19</subfield>
      <subfield code="y">BK</subfield>
      <subfield code="p">05-36114</subfield>
      <subfield code="i">05-36114</subfield>
      <subfield code="g">20</subfield>
      <subfield code="o">070.41 S487c</subfield>
      <subfield code="e">SIUNPA</subfield>
      <subfield code="8">CG</subfield>
    </datafield>
    <datafield tag="952" ind1=" " ind2=" ">
      <subfield code="a">BIB_RECT</subfield>
      <subfield code="b">BIB_UARG</subfield>
      <subfield code="d">2008-07-30</subfield>
      <subfield code="y">BK</subfield>
      <subfield code="p">05-36249</subfield>
      <subfield code="i">05-36249</subfield>
      <subfield code="g">20</subfield>
      <subfield code="o">070.41 S487c</subfield>
      <subfield code="e">PROSOC</subfield>
      <subfield code="8">CG</subfield>
    </datafield>
    <datafield tag="952" ind1=" " ind2=" ">
      <subfield code="a">BIB_RECT</subfield>
      <subfield code="b">BIB_UARG</subfield>
      <subfield code="d">2009-02-24</subfield>
      <subfield code="y">BK</subfield>
      <subfield code="p">05-37160</subfield>
      <subfield code="i">05-37160</subfield>
      <subfield code="g">20</subfield>
      <subfield code="o">070.41 S487c</subfield>
      <subfield code="e">PI 29/A169</subfield>
      <subfield code="8">CG</subfield>
    </datafield>
  </record>