
  <record>
    <leader>01000aam  22002601a 4500</leader>
    <controlfield tag="001">YPZ89063</controlfield>
    <controlfield tag="003">YPZ</controlfield>
    <controlfield tag="005">200806261324120</controlfield>
    <controlfield tag="008">080626|###########||||||b||||||||||spa|d</controlfield>
    <datafield tag="040" ind1=" " ind2=" ">
      <subfield code="c">SIUNPA</subfield>
    </datafield>
    <datafield tag="041" ind1=" " ind2=" ">
      <subfield code="a">spa</subfield>
    </datafield>
    <datafield tag="044" ind1=" " ind2=" ">
      <subfield code="a">AR</subfield>
    </datafield>
    <datafield tag="080" ind1=" " ind2=" ">
      <subfield code="a">821.134.2(82) P745p</subfield>
    </datafield>
    <datafield tag="245" ind1=" " ind2=" ">
      <subfield code="a">Los poetas sociales</subfield>
      <subfield code="c"> / Giordano, Carlos R., selección</subfield>
    </datafield>
    <datafield tag="260" ind1=" " ind2=" ">
      <subfield code="a">Buenos Aires</subfield>
      <subfield code="b"> : Centro Editor de América Latina</subfield>
      <subfield code="c"> , 1968</subfield>
    </datafield>
    <datafield tag="440" ind1=" " ind2=" ">
      <subfield code="a">Capítulo. Biblioteca argentina fundamental</subfield>
      <subfield code="v">50</subfield>
    </datafield>
    <datafield tag="490" ind1=" " ind2=" ">
      <subfield code="a">Capítulo. Biblioteca argentina fundamental</subfield>
      <subfield code="v">50</subfield>
    </datafield>
    <datafield tag="650" ind1=" " ind2=" ">
      <subfield code="a"> LITERATURA ARGENTINA  POESIA</subfield>
    </datafield>
    <datafield tag="650" ind1=" " ind2=" ">
      <subfield code="a"> ANTOLOGIA</subfield>
    </datafield>
    <datafield tag="942" ind1=" " ind2=" ">
      <subfield code="c">BK</subfield>
    </datafield>
    <datafield tag="952" ind1=" " ind2=" ">
      <subfield code="a">BIB_RECT</subfield>
      <subfield code="b">BIB_UACO</subfield>
      <subfield code="d">2008-06-26</subfield>
      <subfield code="y">BK</subfield>
      <subfield code="p">02-01802</subfield>
      <subfield code="i">02-01802</subfield>
      <subfield code="g">10</subfield>
      <subfield code="o">821.134.2(82) P745p</subfield>
      <subfield code="e">Desconocido</subfield>
      <subfield code="8">CG</subfield>
    </datafield>
    <datafield tag="952" ind1=" " ind2=" ">
      <subfield code="a">BIB_RECT</subfield>
      <subfield code="b">BIB_UARG</subfield>
      <subfield code="d">2008-06-26</subfield>
      <subfield code="y">BK</subfield>
      <subfield code="p">05-09957</subfield>
      <subfield code="i">05-09957</subfield>
      <subfield code="g">10</subfield>
      <subfield code="o">821.134.2(82) P745p</subfield>
      <subfield code="e">Sara, Masi</subfield>
      <subfield code="8">CG</subfield>
    </datafield>
    <datafield tag="952" ind1=" " ind2=" ">
      <subfield code="a">BIB_RECT</subfield>
      <subfield code="b">BIB_UARG</subfield>
      <subfield code="d">2013-06-26</subfield>
      <subfield code="y">BK</subfield>
      <subfield code="p">05-44991</subfield>
      <subfield code="i">05-44991</subfield>
      <subfield code="g">40</subfield>
      <subfield code="o">821.134.2(82) P745p</subfield>
      <subfield code="e">Flia. Celada, Amelia</subfield>
      <subfield code="8">CG</subfield>
    </datafield>
  </record>