
  <record>
    <leader>01000aam  22002601a 4500</leader>
    <controlfield tag="001">YPZ89074</controlfield>
    <controlfield tag="003">YPZ</controlfield>
    <controlfield tag="005">200806261622410</controlfield>
    <controlfield tag="008">080626|###########||||||b||||||||||spa|d</controlfield>
    <datafield tag="040" ind1=" " ind2=" ">
      <subfield code="c">SIUNPA</subfield>
    </datafield>
    <datafield tag="041" ind1=" " ind2=" ">
      <subfield code="a">spa</subfield>
    </datafield>
    <datafield tag="044" ind1=" " ind2=" ">
      <subfield code="a">AR</subfield>
    </datafield>
    <datafield tag="080" ind1=" " ind2=" ">
      <subfield code="a">821.134.2 L333a</subfield>
    </datafield>
    <datafield tag="100" ind1=" " ind2=" ">
      <subfield code="a">Larra, Mariano José de.</subfield>
    </datafield>
    <datafield tag="245" ind1=" " ind2=" ">
      <subfield code="a">Artículos de costumbres</subfield>
      <subfield code="b"> : (selección)</subfield>
      <subfield code="c"> / Sorrentino, Fernando, estudio prelim. sobre la época, las obras y su influencia literaria; notas explicativas y aclaraciones lingüísticas, bibliografía fundamental, jucios sobre el autor y su obra, y temas de estudio</subfield>
    </datafield>
    <datafield tag="260" ind1=" " ind2=" ">
      <subfield code="a">Buenos Aires</subfield>
      <subfield code="b"> : Plus Ultra</subfield>
      <subfield code="c"> , 1973</subfield>
    </datafield>
    <datafield tag="440" ind1=" " ind2=" ">
      <subfield code="a">Nuestros novelistas</subfield>
      <subfield code="a">Nuestros novelistas</subfield>
      <subfield code="a">Nuestros novelistas</subfield>
      <subfield code="a">Biblioteca universal</subfield>
      <subfield code="v">v. 3</subfield>
    </datafield>
    <datafield tag="490" ind1=" " ind2=" ">
      <subfield code="a">Nuestros novelistas</subfield>
      <subfield code="a">Nuestros novelistas</subfield>
      <subfield code="a">Nuestros novelistas</subfield>
      <subfield code="a">Biblioteca universal</subfield>
      <subfield code="v">v. 3</subfield>
    </datafield>
    <datafield tag="650" ind1=" " ind2=" ">
      <subfield code="a"> LITERATURA ESPAÑOLA</subfield>
    </datafield>
    <datafield tag="942" ind1=" " ind2=" ">
      <subfield code="c">BK</subfield>
    </datafield>
    <datafield tag="952" ind1=" " ind2=" ">
      <subfield code="a">BIB_RECT</subfield>
      <subfield code="b">BIB_UACO</subfield>
      <subfield code="d">2008-06-26</subfield>
      <subfield code="y">BK</subfield>
      <subfield code="p">02-01211</subfield>
      <subfield code="i">02-01211</subfield>
      <subfield code="g">15</subfield>
      <subfield code="o">821.134.2 L333a</subfield>
      <subfield code="e">Desconocido</subfield>
      <subfield code="8">CG</subfield>
    </datafield>
    <datafield tag="952" ind1=" " ind2=" ">
      <subfield code="a">BIB_RECT</subfield>
      <subfield code="b">BIB_UARG</subfield>
      <subfield code="d">2008-06-26</subfield>
      <subfield code="y">BK</subfield>
      <subfield code="p">05-06831</subfield>
      <subfield code="i">05-06831</subfield>
      <subfield code="g">20</subfield>
      <subfield code="o">821.134.2 L333a</subfield>
      <subfield code="e">Desconocido</subfield>
      <subfield code="8">CG</subfield>
    </datafield>
  </record>