
  <record>
    <leader>01000aam  22002601a 4500</leader>
    <controlfield tag="001">YPZ89081</controlfield>
    <controlfield tag="003">YPZ</controlfield>
    <controlfield tag="005">200806261751400</controlfield>
    <controlfield tag="008">080626|###########||||||b||||||||||spa|d</controlfield>
    <datafield tag="020" ind1=" " ind2=" ">
      <subfield code="a">9789875382155</subfield>
    </datafield>
    <datafield tag="040" ind1=" " ind2=" ">
      <subfield code="c">SIUNPA</subfield>
    </datafield>
    <datafield tag="041" ind1=" " ind2=" ">
      <subfield code="a">spa</subfield>
    </datafield>
    <datafield tag="044" ind1=" " ind2=" ">
      <subfield code="a">AR</subfield>
    </datafield>
    <datafield tag="080" ind1=" " ind2=" ">
      <subfield code="a">347.6 I431in</subfield>
    </datafield>
    <datafield tag="100" ind1=" " ind2=" ">
      <subfield code="a">Minnicelli, Mercedes.</subfield>
    </datafield>
    <datafield tag="700" ind1=" " ind2=" ">
      <subfield code="a">Rocca, Susana la.</subfield>
    </datafield>
    <datafield tag="700" ind1=" " ind2=" ">
      <subfield code="a">Calo, Orlando.</subfield>
    </datafield>
    <datafield tag="700" ind1=" " ind2=" ">
      <subfield code="a">Fendrik, Silvia.</subfield>
    </datafield>
    <datafield tag="700" ind1=" " ind2=" ">
      <subfield code="a">Calvi, Bettina.</subfield>
    </datafield>
    <datafield tag="700" ind1=" " ind2=" ">
      <subfield code="a">López, Héctor.</subfield>
    </datafield>
    <datafield tag="700" ind1=" " ind2=" ">
      <subfield code="a">Degano, Jorge.</subfield>
    </datafield>
    <datafield tag="245" ind1=" " ind2=" ">
      <subfield code="a">Infancia e institución(es)</subfield>
      <subfield code="b"> : escrituras de la ley en la cultura vs. maltrato y abuso infantil</subfield>
      <subfield code="c"> / Minnicelli, Mercedes, coordinadora</subfield>
    </datafield>
    <datafield tag="250" ind1=" " ind2=" ">
      <subfield code="a">1a ed.</subfield>
    </datafield>
    <datafield tag="260" ind1=" " ind2=" ">
      <subfield code="a">Buenos Aires</subfield>
      <subfield code="b"> : Novedades Educativas</subfield>
      <subfield code="c"> , 2008</subfield>
    </datafield>
    <datafield tag="440" ind1=" " ind2=" ">
      <subfield code="a">Nuestros cuentistas</subfield>
      <subfield code="a">Nuestros cuentistas</subfield>
      <subfield code="a">Colección convergencia. Entre memoria y sociedad</subfield>
      <subfield code="a">Colección itinerarios</subfield>
      <subfield code="a">Colección ensayos y experiencias</subfield>
      <subfield code="v">69</subfield>
    </datafield>
    <datafield tag="490" ind1=" " ind2=" ">
      <subfield code="a">Nuestros cuentistas</subfield>
      <subfield code="a">Nuestros cuentistas</subfield>
      <subfield code="a">Colección convergencia. Entre memoria y sociedad</subfield>
      <subfield code="a">Colección itinerarios</subfield>
      <subfield code="a">Colección ensayos y experiencias</subfield>
      <subfield code="v">69</subfield>
    </datafield>
    <datafield tag="500" ind1=" " ind2=" ">
      <subfield code="a">Otro subtít.: Políticas y derechos de la subjetividad infantil</subfield>
    </datafield>
    <datafield tag="650" ind1=" " ind2=" ">
      <subfield code="a"> INFANCIA</subfield>
    </datafield>
    <datafield tag="650" ind1=" " ind2=" ">
      <subfield code="a"> PSICOLOGIA INFANTIL</subfield>
    </datafield>
    <datafield tag="650" ind1=" " ind2=" ">
      <subfield code="a"> PSICOANALISIS INFANTIL</subfield>
    </datafield>
    <datafield tag="650" ind1=" " ind2=" ">
      <subfield code="a"> DERECHOS DEL NIÑO</subfield>
    </datafield>
    <datafield tag="650" ind1=" " ind2=" ">
      <subfield code="a"> ABUSO INFANTIL</subfield>
    </datafield>
    <datafield tag="942" ind1=" " ind2=" ">
      <subfield code="c">BK</subfield>
    </datafield>
    <datafield tag="952" ind1=" " ind2=" ">
      <subfield code="a">BIB_RECT</subfield>
      <subfield code="b">BIB_UARG</subfield>
      <subfield code="d">2008-06-17</subfield>
      <subfield code="y">BK</subfield>
      <subfield code="p">05-36080</subfield>
      <subfield code="i">05-36080</subfield>
      <subfield code="g">23</subfield>
      <subfield code="o">347.6 I431in</subfield>
      <subfield code="e">Novedades Educativas</subfield>
      <subfield code="8">CG</subfield>
    </datafield>
  </record>