
  <record>
    <leader>01000aam  22002601a 4500</leader>
    <controlfield tag="001">YPZ89085</controlfield>
    <controlfield tag="003">YPZ</controlfield>
    <controlfield tag="005">200806271325220</controlfield>
    <controlfield tag="008">080627|###########||||||b||||||||||spa|d</controlfield>
    <datafield tag="020" ind1=" " ind2=" ">
      <subfield code="a">9789872175245</subfield>
    </datafield>
    <datafield tag="040" ind1=" " ind2=" ">
      <subfield code="c">SIUNPA</subfield>
    </datafield>
    <datafield tag="041" ind1=" " ind2=" ">
      <subfield code="a">spa</subfield>
    </datafield>
    <datafield tag="044" ind1=" " ind2=" ">
      <subfield code="a">AR</subfield>
    </datafield>
    <datafield tag="080" ind1=" " ind2=" ">
      <subfield code="a">94(828.3) H811h</subfield>
    </datafield>
    <datafield tag="100" ind1=" " ind2=" ">
      <subfield code="a">Favaro, Orietta.</subfield>
    </datafield>
    <datafield tag="700" ind1=" " ind2=" ">
      <subfield code="a">Navarro Floria, Pedro.</subfield>
    </datafield>
    <datafield tag="700" ind1=" " ind2=" ">
      <subfield code="a">Moldes, Beatríz del V..</subfield>
    </datafield>
    <datafield tag="700" ind1=" " ind2=" ">
      <subfield code="a">Entraigas, Jorge R..</subfield>
    </datafield>
    <datafield tag="700" ind1=" " ind2=" ">
      <subfield code="a">Mases, Enrique.</subfield>
    </datafield>
    <datafield tag="700" ind1=" " ind2=" ">
      <subfield code="a">Gallucci, Lisandro.</subfield>
    </datafield>
    <datafield tag="700" ind1=" " ind2=" ">
      <subfield code="a">Ruffini, Martha.</subfield>
    </datafield>
    <datafield tag="700" ind1=" " ind2=" ">
      <subfield code="a">Fulvi, Nilo Juan.</subfield>
    </datafield>
    <datafield tag="700" ind1=" " ind2=" ">
      <subfield code="a">Rey, Héctor.</subfield>
    </datafield>
    <datafield tag="700" ind1=" " ind2=" ">
      <subfield code="a">Suárez, Graciela Noelia.</subfield>
    </datafield>
    <datafield tag="700" ind1=" " ind2=" ">
      <subfield code="a">Teobaldo, Mirta.</subfield>
    </datafield>
    <datafield tag="700" ind1=" " ind2=" ">
      <subfield code="a">Nicoletti, María Andrea.</subfield>
    </datafield>
    <datafield tag="700" ind1=" " ind2=" ">
      <subfield code="a">Varela, María Teresa.</subfield>
    </datafield>
    <datafield tag="700" ind1=" " ind2=" ">
      <subfield code="a">Iuorno, Graciela.</subfield>
    </datafield>
    <datafield tag="700" ind1=" " ind2=" ">
      <subfield code="a">Miralles, Glenda.</subfield>
    </datafield>
    <datafield tag="700" ind1=" " ind2=" ">
      <subfield code="a">Nasser, Karim.</subfield>
    </datafield>
    <datafield tag="700" ind1=" " ind2=" ">
      <subfield code="a">Méndez, Laura Marcela.</subfield>
    </datafield>
    <datafield tag="245" ind1=" " ind2=" ">
      <subfield code="a">Horizontes en perspectiva</subfield>
      <subfield code="b"> : contribuciones para la historia de Río Negro</subfield>
      <subfield code="c"> / Ruffini, Martha, coordinadora ; Masera, Ricardo Freddy, coordinador ; Casamiquela, Rodolfo M., pról.</subfield>
    </datafield>
    <datafield tag="260" ind1=" " ind2=" ">
      <subfield code="a">Carmen de Patagones</subfield>
      <subfield code="a">Viedma</subfield>
      <subfield code="b"> : Fundación Ameghino</subfield>
      <subfield code="b"> : Legislatura de Río Negro</subfield>
      <subfield code="c"> , 2007</subfield>
    </datafield>
    <datafield tag="500" ind1=" " ind2=" ">
      <subfield code="a">La biblioteca posee v.1</subfield>
    </datafield>
    <datafield tag="650" ind1=" " ind2=" ">
      <subfield code="a"> HISTORIA DE RIO NEGRO</subfield>
    </datafield>
    <datafield tag="650" ind1=" " ind2=" ">
      <subfield code="a"> SIGLO XIX </subfield>
    </datafield>
    <datafield tag="650" ind1=" " ind2=" ">
      <subfield code="a"> SIGLO XX</subfield>
    </datafield>
    <datafield tag="942" ind1=" " ind2=" ">
      <subfield code="c">BK</subfield>
    </datafield>
    <datafield tag="952" ind1=" " ind2=" ">
      <subfield code="a">BIB_RECT</subfield>
      <subfield code="b">BIB_UARG</subfield>
      <subfield code="d">2008-06-18</subfield>
      <subfield code="y">BK</subfield>
      <subfield code="p">05-36082</subfield>
      <subfield code="i">05-36082</subfield>
      <subfield code="g">39</subfield>
      <subfield code="o">94(828.3) H811h</subfield>
      <subfield code="e">Donación Ruffini, Martha</subfield>
      <subfield code="8">CG</subfield>
    </datafield>
    <datafield tag="952" ind1=" " ind2=" ">
      <subfield code="a">BIB_RECT</subfield>
      <subfield code="b">BIB_UARG</subfield>
      <subfield code="d">2009-05-15</subfield>
      <subfield code="y">BK</subfield>
      <subfield code="p">05-37745</subfield>
      <subfield code="i">05-37745</subfield>
      <subfield code="g">50</subfield>
      <subfield code="o">94(828.3) H811h</subfield>
      <subfield code="e">Masera, Freddy</subfield>
      <subfield code="8">CG</subfield>
    </datafield>
    <datafield tag="952" ind1=" " ind2=" ">
      <subfield code="a">BIB_RECT</subfield>
      <subfield code="b">BIB_UARG</subfield>
      <subfield code="d">2009-05-15</subfield>
      <subfield code="y">BK</subfield>
      <subfield code="p">05-37746</subfield>
      <subfield code="i">05-37746</subfield>
      <subfield code="g">50</subfield>
      <subfield code="o">94(828.3) H811h</subfield>
      <subfield code="e">Masera, Freddy</subfield>
      <subfield code="8">CG</subfield>
    </datafield>
    <datafield tag="952" ind1=" " ind2=" ">
      <subfield code="a">BIB_RECT</subfield>
      <subfield code="b">BIB_UARG</subfield>
      <subfield code="d">2010-08-31</subfield>
      <subfield code="y">BK</subfield>
      <subfield code="p">05-39727</subfield>
      <subfield code="i">05-39727</subfield>
      <subfield code="g">65</subfield>
      <subfield code="o">94(828.3) H811h</subfield>
      <subfield code="e">Acuerdo 431/10</subfield>
      <subfield code="8">CG</subfield>
    </datafield>
  </record>