
  <record>
    <leader>01000aam  22002601a 4500</leader>
    <controlfield tag="001">YPZ89090</controlfield>
    <controlfield tag="003">YPZ</controlfield>
    <controlfield tag="005">200806271636510</controlfield>
    <controlfield tag="008">080627|###########||||||b||||||||||spa|d</controlfield>
    <datafield tag="040" ind1=" " ind2=" ">
      <subfield code="c">SIUNPA</subfield>
    </datafield>
    <datafield tag="041" ind1=" " ind2=" ">
      <subfield code="a">spa</subfield>
    </datafield>
    <datafield tag="044" ind1=" " ind2=" ">
      <subfield code="a">AR</subfield>
    </datafield>
    <datafield tag="080" ind1=" " ind2=" ">
      <subfield code="a">821.134.2 C146v</subfield>
    </datafield>
    <datafield tag="100" ind1=" " ind2=" ">
      <subfield code="a">Calderón de la Barca, Pedro.</subfield>
    </datafield>
    <datafield tag="245" ind1=" " ind2=" ">
      <subfield code="a">La vida es sueño</subfield>
      <subfield code="c"> / Castelli, Eugenio, introd., notas y vocabulario ; Jiménez, Miguel, il.</subfield>
    </datafield>
    <datafield tag="250" ind1=" " ind2=" ">
      <subfield code="a">4a ed.</subfield>
    </datafield>
    <datafield tag="260" ind1=" " ind2=" ">
      <subfield code="a">Buenos Aires</subfield>
      <subfield code="b"> : Huemul</subfield>
      <subfield code="c"> , 1974</subfield>
    </datafield>
    <datafield tag="440" ind1=" " ind2=" ">
      <subfield code="a">Colección clásicos Huemul</subfield>
      <subfield code="v">21</subfield>
    </datafield>
    <datafield tag="490" ind1=" " ind2=" ">
      <subfield code="a">Colección clásicos Huemul</subfield>
      <subfield code="v">21</subfield>
    </datafield>
    <datafield tag="650" ind1=" " ind2=" ">
      <subfield code="a"> LITERATURA ESPAÑOLA</subfield>
    </datafield>
    <datafield tag="650" ind1=" " ind2=" ">
      <subfield code="a"> TEATRO ESPAÑOL</subfield>
    </datafield>
    <datafield tag="942" ind1=" " ind2=" ">
      <subfield code="c">BK</subfield>
    </datafield>
    <datafield tag="952" ind1=" " ind2=" ">
      <subfield code="a">BIB_RECT</subfield>
      <subfield code="b">BIB_UACO</subfield>
      <subfield code="d">2008-06-27</subfield>
      <subfield code="y">BK</subfield>
      <subfield code="p">02-01704</subfield>
      <subfield code="i">02-01704</subfield>
      <subfield code="g">18</subfield>
      <subfield code="o">821.134.2 C146v</subfield>
      <subfield code="e">Desconocido</subfield>
      <subfield code="8">CG</subfield>
    </datafield>
  </record>