
  <record>
    <leader>01000aam  22002601a 4500</leader>
    <controlfield tag="001">YPZ89120</controlfield>
    <controlfield tag="003">YPZ</controlfield>
    <controlfield tag="005">200806301401010</controlfield>
    <controlfield tag="008">080630|###########||||||b||||||||||spa|d</controlfield>
    <datafield tag="040" ind1=" " ind2=" ">
      <subfield code="c">SIUNPA</subfield>
    </datafield>
    <datafield tag="041" ind1=" " ind2=" ">
      <subfield code="a">spa</subfield>
    </datafield>
    <datafield tag="044" ind1=" " ind2=" ">
      <subfield code="a">AR</subfield>
    </datafield>
    <datafield tag="080" ind1=" " ind2=" ">
      <subfield code="a">821.134.2 C146a</subfield>
    </datafield>
    <datafield tag="100" ind1=" " ind2=" ">
      <subfield code="a">Calderón de la Barca, Pedro.</subfield>
    </datafield>
    <datafield tag="245" ind1=" " ind2=" ">
      <subfield code="a">El alcalde de Zalamea</subfield>
      <subfield code="c"> / Hesse, Everett W., resúmenes históricos, bibliográficos y literarios, notas explicativas, bibliografía, juicios sobre el autor y sus obras y temas de estudio</subfield>
    </datafield>
    <datafield tag="260" ind1=" " ind2=" ">
      <subfield code="a">Buenos Aires</subfield>
      <subfield code="b"> : Plus Ultra</subfield>
      <subfield code="c"> , 1967</subfield>
    </datafield>
    <datafield tag="440" ind1=" " ind2=" ">
      <subfield code="a">Biblioteca universal / Plus Ultra</subfield>
      <subfield code="v">v. 9</subfield>
    </datafield>
    <datafield tag="490" ind1=" " ind2=" ">
      <subfield code="a">Biblioteca universal / Plus Ultra</subfield>
      <subfield code="v">v. 9</subfield>
    </datafield>
    <datafield tag="500" ind1=" " ind2=" ">
      <subfield code="a">En portada: El garrote más bien dado, según el texto de 1651</subfield>
    </datafield>
    <datafield tag="650" ind1=" " ind2=" ">
      <subfield code="a"> LITERATURA ESPAÑOLA  TEATRO ESPAÑOL</subfield>
    </datafield>
    <datafield tag="942" ind1=" " ind2=" ">
      <subfield code="c">BK</subfield>
    </datafield>
    <datafield tag="952" ind1=" " ind2=" ">
      <subfield code="a">BIB_RECT</subfield>
      <subfield code="b">BIB_UACO</subfield>
      <subfield code="d">2008-06-30</subfield>
      <subfield code="y">BK</subfield>
      <subfield code="p">02-01697</subfield>
      <subfield code="i">02-01697</subfield>
      <subfield code="g">20</subfield>
      <subfield code="o">821.134.2 C146a</subfield>
      <subfield code="e">Desconocido</subfield>
      <subfield code="8">CG</subfield>
    </datafield>
    <datafield tag="952" ind1=" " ind2=" ">
      <subfield code="a">BIB_RECT</subfield>
      <subfield code="b">BIB_UARG</subfield>
      <subfield code="d">2008-06-30</subfield>
      <subfield code="y">BK</subfield>
      <subfield code="p">05-01863</subfield>
      <subfield code="i">05-01863</subfield>
      <subfield code="g">20</subfield>
      <subfield code="o">821.134.2 C146a</subfield>
      <subfield code="e">Desconocido</subfield>
      <subfield code="8">CG</subfield>
    </datafield>
    <datafield tag="952" ind1=" " ind2=" ">
      <subfield code="a">BIB_RECT</subfield>
      <subfield code="b">BIB_UARG</subfield>
      <subfield code="d">2008-06-30</subfield>
      <subfield code="y">BK</subfield>
      <subfield code="p">05-11632</subfield>
      <subfield code="i">05-11632</subfield>
      <subfield code="g">20</subfield>
      <subfield code="o">821.134.2 C146a</subfield>
      <subfield code="e">Desconocido</subfield>
      <subfield code="8">CG</subfield>
    </datafield>
  </record>