
  <record>
    <leader>01000aam  22002601a 4500</leader>
    <controlfield tag="001">YPZ89123</controlfield>
    <controlfield tag="003">YPZ</controlfield>
    <controlfield tag="005">200806301418550</controlfield>
    <controlfield tag="008">080630|###########||||||b||||||||||spa|d</controlfield>
    <datafield tag="040" ind1=" " ind2=" ">
      <subfield code="c">SIUNPA</subfield>
    </datafield>
    <datafield tag="041" ind1=" " ind2=" ">
      <subfield code="a">spa</subfield>
    </datafield>
    <datafield tag="044" ind1=" " ind2=" ">
      <subfield code="a">ES</subfield>
    </datafield>
    <datafield tag="080" ind1=" " ind2=" ">
      <subfield code="a">821.134.2 A996a</subfield>
    </datafield>
    <datafield tag="100" ind1=" " ind2=" ">
      <subfield code="a">Azorín, seud..</subfield>
    </datafield>
    <datafield tag="700" ind1=" " ind2=" ">
      <subfield code="a">Martínez Ruiz, José.</subfield>
    </datafield>
    <datafield tag="245" ind1=" " ind2=" ">
      <subfield code="a">Antonio Azorín</subfield>
      <subfield code="c"> / Alcina, Juan, estudio prelim. y bibliog. seleccionada</subfield>
    </datafield>
    <datafield tag="250" ind1=" " ind2=" ">
      <subfield code="a">1a ed.</subfield>
    </datafield>
    <datafield tag="260" ind1=" " ind2=" ">
      <subfield code="a">Barcelona</subfield>
      <subfield code="b"> : Bruguera</subfield>
      <subfield code="c"> , 1967</subfield>
    </datafield>
    <datafield tag="440" ind1=" " ind2=" ">
      <subfield code="a">Nuestros novelistas</subfield>
      <subfield code="a">Nuestros cuentistas</subfield>
      <subfield code="a">Bruguera libro clásico</subfield>
      <subfield code="v">10</subfield>
    </datafield>
    <datafield tag="490" ind1=" " ind2=" ">
      <subfield code="a">Nuestros novelistas</subfield>
      <subfield code="a">Nuestros cuentistas</subfield>
      <subfield code="a">Bruguera libro clásico</subfield>
      <subfield code="v">10</subfield>
    </datafield>
    <datafield tag="650" ind1=" " ind2=" ">
      <subfield code="a"> LITERATURA ESPAÑOLA</subfield>
    </datafield>
    <datafield tag="650" ind1=" " ind2=" ">
      <subfield code="a"> NOVELA</subfield>
    </datafield>
    <datafield tag="650" ind1=" " ind2=" ">
      <subfield code="a"> AUTOBIOGRAFIA</subfield>
    </datafield>
    <datafield tag="942" ind1=" " ind2=" ">
      <subfield code="c">BK</subfield>
    </datafield>
    <datafield tag="952" ind1=" " ind2=" ">
      <subfield code="a">BIB_RECT</subfield>
      <subfield code="b">BIB_UACO</subfield>
      <subfield code="d">2008-06-30</subfield>
      <subfield code="y">BK</subfield>
      <subfield code="p">02-01480</subfield>
      <subfield code="i">02-01480</subfield>
      <subfield code="g">22</subfield>
      <subfield code="o">821.134.2 A996a</subfield>
      <subfield code="e">Desconocido</subfield>
      <subfield code="8">CG</subfield>
    </datafield>
  </record>