
  <record>
    <leader>01000aam  22002601a 4500</leader>
    <controlfield tag="001">YPZ89150</controlfield>
    <controlfield tag="003">YPZ</controlfield>
    <controlfield tag="005">200807011150170</controlfield>
    <controlfield tag="008">080701|###########||||||b||||||||||spa|d</controlfield>
    <datafield tag="040" ind1=" " ind2=" ">
      <subfield code="c">SIUNPA</subfield>
    </datafield>
    <datafield tag="041" ind1=" " ind2=" ">
      <subfield code="a">spa</subfield>
    </datafield>
    <datafield tag="044" ind1=" " ind2=" ">
      <subfield code="a">AR</subfield>
    </datafield>
    <datafield tag="080" ind1=" " ind2=" ">
      <subfield code="a">276 M775o</subfield>
    </datafield>
    <datafield tag="100" ind1=" " ind2=" ">
      <subfield code="a">Di Montegnacco, Tere.</subfield>
    </datafield>
    <datafield tag="245" ind1=" " ind2=" ">
      <subfield code="a">El otro rostro de Moisés</subfield>
    </datafield>
    <datafield tag="260" ind1=" " ind2=" ">
      <subfield code="a">Buenos Aires</subfield>
      <subfield code="b"> : Plus Ultra</subfield>
      <subfield code="c"> , 1966</subfield>
    </datafield>
    <datafield tag="650" ind1=" " ind2=" ">
      <subfield code="a"> CRISTIANISMO</subfield>
    </datafield>
    <datafield tag="650" ind1=" " ind2=" ">
      <subfield code="a"> HISTORIA DEL CRISTIANISMO</subfield>
    </datafield>
    <datafield tag="650" ind1=" " ind2=" ">
      <subfield code="a"> MOISES (S. XIII a.c.)</subfield>
    </datafield>
    <datafield tag="942" ind1=" " ind2=" ">
      <subfield code="c">BK</subfield>
    </datafield>
    <datafield tag="952" ind1=" " ind2=" ">
      <subfield code="a">BIB_RECT</subfield>
      <subfield code="b">BIB_UACO</subfield>
      <subfield code="d">2008-07-01</subfield>
      <subfield code="y">BK</subfield>
      <subfield code="p">02-01613</subfield>
      <subfield code="i">02-01613</subfield>
      <subfield code="g">15</subfield>
      <subfield code="o">276 M775o</subfield>
      <subfield code="e">Desconocido</subfield>
      <subfield code="8">CG</subfield>
    </datafield>
    <datafield tag="952" ind1=" " ind2=" ">
      <subfield code="a">BIB_RECT</subfield>
      <subfield code="b">BIB_UARG</subfield>
      <subfield code="d">2008-07-01</subfield>
      <subfield code="y">BK</subfield>
      <subfield code="p">05-06779</subfield>
      <subfield code="i">05-06779</subfield>
      <subfield code="g">15</subfield>
      <subfield code="o">276 M775o</subfield>
      <subfield code="e">Desconocido</subfield>
      <subfield code="8">CG</subfield>
    </datafield>
  </record>