
  <record>
    <leader>01000aam  22002601a 4500</leader>
    <controlfield tag="001">YPZ89154</controlfield>
    <controlfield tag="003">YPZ</controlfield>
    <controlfield tag="005">200807011300570</controlfield>
    <controlfield tag="008">080701|###########||||||b||||||||||spa|d</controlfield>
    <datafield tag="020" ind1=" " ind2=" ">
      <subfield code="a">9505810628</subfield>
    </datafield>
    <datafield tag="040" ind1=" " ind2=" ">
      <subfield code="c">SIUNPA</subfield>
    </datafield>
    <datafield tag="041" ind1=" " ind2=" ">
      <subfield code="a">spa</subfield>
    </datafield>
    <datafield tag="044" ind1=" " ind2=" ">
      <subfield code="a">AR</subfield>
    </datafield>
    <datafield tag="080" ind1=" " ind2=" ">
      <subfield code="a">821.134.2(82) C965c</subfield>
    </datafield>
    <datafield tag="245" ind1=" " ind2=" ">
      <subfield code="a">Cuentos regionales argentinos</subfield>
      <subfield code="b"> : Catamarca, Córdoba, Jujuy, Salta, Santiago del Estero y Tucumán</subfield>
      <subfield code="c"> / Pinto de Salem, Viviana, selección, introd., notas y propuestas de trabajo</subfield>
    </datafield>
    <datafield tag="260" ind1=" " ind2=" ">
      <subfield code="a">Buenos Aires</subfield>
      <subfield code="b"> : Colihue</subfield>
      <subfield code="c"> , 1983</subfield>
    </datafield>
    <datafield tag="440" ind1=" " ind2=" ">
      <subfield code="a">Colección literaria LyC (leer y crear)</subfield>
      <subfield code="v">062</subfield>
    </datafield>
    <datafield tag="490" ind1=" " ind2=" ">
      <subfield code="a">Colección literaria LyC (leer y crear)</subfield>
      <subfield code="v">062</subfield>
    </datafield>
    <datafield tag="650" ind1=" " ind2=" ">
      <subfield code="a"> LITERATURA ARGENTINA</subfield>
    </datafield>
    <datafield tag="650" ind1=" " ind2=" ">
      <subfield code="a"> ANTOLOGIA</subfield>
    </datafield>
    <datafield tag="650" ind1=" " ind2=" ">
      <subfield code="a"> CUENTO</subfield>
    </datafield>
    <datafield tag="942" ind1=" " ind2=" ">
      <subfield code="c">BK</subfield>
    </datafield>
    <datafield tag="952" ind1=" " ind2=" ">
      <subfield code="a">BIB_RECT</subfield>
      <subfield code="b">BIB_UACO</subfield>
      <subfield code="d">2008-06-30</subfield>
      <subfield code="y">BK</subfield>
      <subfield code="p">02-01419</subfield>
      <subfield code="i">02-01419</subfield>
      <subfield code="g">19</subfield>
      <subfield code="o">821.134.2(82) C965c</subfield>
      <subfield code="e">Desconocido</subfield>
      <subfield code="8">CG</subfield>
    </datafield>
    <datafield tag="952" ind1=" " ind2=" ">
      <subfield code="a">BIB_RECT</subfield>
      <subfield code="b">BIB_UARG</subfield>
      <subfield code="d">2008-07-01</subfield>
      <subfield code="y">BK</subfield>
      <subfield code="p">05-03654</subfield>
      <subfield code="i">05-03654</subfield>
      <subfield code="g">19</subfield>
      <subfield code="o">821.134.2(82) C965c</subfield>
      <subfield code="e">Migracion UARG</subfield>
      <subfield code="8">CG</subfield>
    </datafield>
  </record>