
  <record>
    <leader>01000aam  22002601a 4500</leader>
    <controlfield tag="001">YPZ89164</controlfield>
    <controlfield tag="003">YPZ</controlfield>
    <controlfield tag="005">200807021204110</controlfield>
    <controlfield tag="008">080702|###########||||||b||||||||||spa|d</controlfield>
    <datafield tag="020" ind1=" " ind2=" ">
      <subfield code="a">8495594099</subfield>
    </datafield>
    <datafield tag="040" ind1=" " ind2=" ">
      <subfield code="c">SIUNPA</subfield>
    </datafield>
    <datafield tag="041" ind1=" " ind2=" ">
      <subfield code="a">spa</subfield>
    </datafield>
    <datafield tag="044" ind1=" " ind2=" ">
      <subfield code="a">ES</subfield>
    </datafield>
    <datafield tag="080" ind1=" " ind2=" ">
      <subfield code="a">821.111(73) C246a</subfield>
    </datafield>
    <datafield tag="100" ind1=" " ind2=" ">
      <subfield code="a">Capote, Truman.</subfield>
    </datafield>
    <datafield tag="245" ind1=" " ind2=" ">
      <subfield code="a">A sangre fría</subfield>
      <subfield code="c"> / Rodríguez, Fernando, tr.</subfield>
    </datafield>
    <datafield tag="260" ind1=" " ind2=" ">
      <subfield code="a">Barcelona</subfield>
      <subfield code="b"> : Sol 90</subfield>
      <subfield code="c"> , 2000</subfield>
    </datafield>
    <datafield tag="440" ind1=" " ind2=" ">
      <subfield code="a">Biblioteca de Psicología y Psicoanálisis</subfield>
      <subfield code="a">Manuales / Ediciones De La Flor</subfield>
      <subfield code="a">Colección comunicación y cultura</subfield>
      <subfield code="a">Inclusiones</subfield>
      <subfield code="a">Narrativas / Sudamericana</subfield>
      <subfield code="a">Biblioteca de la literatura universal / Clarín</subfield>
      <subfield code="v">15</subfield>
    </datafield>
    <datafield tag="490" ind1=" " ind2=" ">
      <subfield code="a">Biblioteca de Psicología y Psicoanálisis</subfield>
      <subfield code="a">Manuales / Ediciones De La Flor</subfield>
      <subfield code="a">Colección comunicación y cultura</subfield>
      <subfield code="a">Inclusiones</subfield>
      <subfield code="a">Narrativas / Sudamericana</subfield>
      <subfield code="a">Biblioteca de la literatura universal / Clarín</subfield>
      <subfield code="v">15</subfield>
    </datafield>
    <datafield tag="650" ind1=" " ind2=" ">
      <subfield code="a"> LITERATURA NORTEAMERICANA</subfield>
    </datafield>
    <datafield tag="650" ind1=" " ind2=" ">
      <subfield code="a"> NOVELA</subfield>
    </datafield>
    <datafield tag="942" ind1=" " ind2=" ">
      <subfield code="c">BK</subfield>
    </datafield>
    <datafield tag="952" ind1=" " ind2=" ">
      <subfield code="a">BIB_RECT</subfield>
      <subfield code="b">BIB_UARG</subfield>
      <subfield code="d">2008-07-01</subfield>
      <subfield code="y">BK</subfield>
      <subfield code="p">05-36183</subfield>
      <subfield code="i">05-36183</subfield>
      <subfield code="g">39</subfield>
      <subfield code="o">821.111(73) C246a</subfield>
      <subfield code="e">UE/2008</subfield>
      <subfield code="8">CG</subfield>
    </datafield>
  </record>