
  <record>
    <leader>01000aam  22002601a 4500</leader>
    <controlfield tag="001">YPZ89171</controlfield>
    <controlfield tag="003">YPZ</controlfield>
    <controlfield tag="005">200807021429560</controlfield>
    <controlfield tag="008">080702|###########||||||b||||||||||spa|d</controlfield>
    <datafield tag="020" ind1=" " ind2=" ">
      <subfield code="a">9681601351</subfield>
    </datafield>
    <datafield tag="040" ind1=" " ind2=" ">
      <subfield code="c">SIUNPA</subfield>
    </datafield>
    <datafield tag="041" ind1=" " ind2=" ">
      <subfield code="a">spa</subfield>
    </datafield>
    <datafield tag="044" ind1=" " ind2=" ">
      <subfield code="a">MX</subfield>
    </datafield>
    <datafield tag="080" ind1=" " ind2=" ">
      <subfield code="a">519.2 B637e2</subfield>
    </datafield>
    <datafield tag="100" ind1=" " ind2=" ">
      <subfield code="a">Blalock, Hubert M..</subfield>
    </datafield>
    <datafield tag="245" ind1=" " ind2=" ">
      <subfield code="a">Estadística social</subfield>
      <subfield code="c"> / Naves, Juan, tr.</subfield>
    </datafield>
    <datafield tag="250" ind1=" " ind2=" ">
      <subfield code="a">2a ed., 2a reimpr.</subfield>
    </datafield>
    <datafield tag="260" ind1=" " ind2=" ">
      <subfield code="a">México, D.F.</subfield>
      <subfield code="b"> : Fondo de Cultura Económica</subfield>
      <subfield code="c"> , c1986</subfield>
    </datafield>
    <datafield tag="300" ind1=" " ind2=" ">
      <subfield code="a">143 p. : </subfield>
      <subfield code="a">95 p. : </subfield>
      <subfield code="a">330 p. : </subfield>
      <subfield code="a">403 p. : </subfield>
      <subfield code="b">il. ; </subfield>
      <subfield code="a">136 p. : </subfield>
      <subfield code="a">112 p. : </subfield>
      <subfield code="a">175 p. : </subfield>
      <subfield code="a">239 p. : </subfield>
      <subfield code="b">il. ; </subfield>
      <subfield code="a">192 p. : </subfield>
      <subfield code="a">203 p. : </subfield>
      <subfield code="b">il. ; </subfield>
      <subfield code="a">201 p. : </subfield>
      <subfield code="a">459 p. : </subfield>
      <subfield code="a">513 p. : </subfield>
      <subfield code="a">196 p. : </subfield>
      <subfield code="a">270 p. : </subfield>
      <subfield code="a">64 p. : </subfield>
      <subfield code="b">il. ; </subfield>
      <subfield code="a">203 p. : </subfield>
      <subfield code="b">il. ; </subfield>
      <subfield code="a">291 p. : </subfield>
      <subfield code="a">287 p. : </subfield>
      <subfield code="a">xxii, 272 p. : </subfield>
      <subfield code="b">il. ; </subfield>
      <subfield code="a">223 p. : </subfield>
      <subfield code="b">cuadros ; </subfield>
      <subfield code="a">396 p. : </subfield>
      <subfield code="b">il. ; </subfield>
      <subfield code="a">237 p. : </subfield>
      <subfield code="b">il. ; </subfield>
      <subfield code="a">604 p. : </subfield>
      <subfield code="a">383 p. : </subfield>
      <subfield code="b">il. ; </subfield>
      <subfield code="a">189 p. : </subfield>
      <subfield code="a">127 p. : </subfield>
      <subfield code="b">il. ; </subfield>
      <subfield code="a">107 p. : </subfield>
      <subfield code="a">3 v. : </subfield>
      <subfield code="a">[168] p. en varias paginaciones : </subfield>
      <subfield code="b">il. ; </subfield>
      <subfield code="a">128 p. : </subfield>
      <subfield code="a">108 p. : </subfield>
      <subfield code="a">vii, 85 p. : </subfield>
      <subfield code="a">149 p. : </subfield>
      <subfield code="a">160 p. : </subfield>
      <subfield code="a">117 p. : </subfield>
      <subfield code="a">133 p. : </subfield>
      <subfield code="a">79 p. : </subfield>
      <subfield code="a">147 p. : </subfield>
      <subfield code="a">207 p. : </subfield>
      <subfield code="a">263 p. : </subfield>
      <subfield code="b">il. ; </subfield>
      <subfield code="a">112 p. : </subfield>
      <subfield code="a">155 p. : </subfield>
      <subfield code="a">173 p. : </subfield>
      <subfield code="a">130 p. : </subfield>
      <subfield code="a">244 p. : </subfield>
      <subfield code="a">132 p. : </subfield>
      <subfield code="b">il. ; </subfield>
      <subfield code="a">159 p. : </subfield>
      <subfield code="a">94 p. : </subfield>
      <subfield code="b">il. ; </subfield>
      <subfield code="a">180 p. : </subfield>
      <subfield code="b">il. ; </subfield>
      <subfield code="a">225 p. : </subfield>
      <subfield code="a">122 p. : </subfield>
      <subfield code="b">il. ; </subfield>
      <subfield code="a">141 p. : </subfield>
      <subfield code="b">il. ; </subfield>
      <subfield code="a">369 p. : </subfield>
      <subfield code="a">353 p. : </subfield>
      <subfield code="a">2 v. : </subfield>
      <subfield code="b">il. ; </subfield>
      <subfield code="a">302 p. : </subfield>
      <subfield code="b">il. ; </subfield>
      <subfield code="a">486 p. : </subfield>
      <subfield code="a">138 p. : </subfield>
      <subfield code="a">219 p. : </subfield>
      <subfield code="a">xii, 310 p. : </subfield>
      <subfield code="a">xviii, 226 p. : </subfield>
      <subfield code="b">il. ; </subfield>
      <subfield code="a">134 p. : </subfield>
      <subfield code="a">140 p. : </subfield>
      <subfield code="a">150 p. : </subfield>
      <subfield code="b">il. ; </subfield>
      <subfield code="a">157 p. : </subfield>
      <subfield code="b">il. ; </subfield>
      <subfield code="a">147 p. : </subfield>
      <subfield code="b">il. ; </subfield>
      <subfield code="a">59 p. : </subfield>
      <subfield code="a">128 p. : </subfield>
      <subfield code="a">472 p. : </subfield>
      <subfield code="a">642 p. : </subfield>
      <subfield code="a">157 p. : </subfield>
      <subfield code="a">710 p. : </subfield>
      <subfield code="b">il. ; </subfield>
      <subfield code="a">360 p. : </subfield>
      <subfield code="a">159 p. : </subfield>
      <subfield code="a">216 p. : </subfield>
      <subfield code="a">213 p. : </subfield>
      <subfield code="b">il. ; </subfield>
      <subfield code="a">239 p. : </subfield>
      <subfield code="a">80 p. : </subfield>
      <subfield code="a">59 p. : </subfield>
      <subfield code="b">il. ; </subfield>
      <subfield code="a">100 p. : </subfield>
      <subfield code="a">295 p. : </subfield>
      <subfield code="b">il. ; </subfield>
      <subfield code="a">119 p. : </subfield>
      <subfield code="b">il. ; </subfield>
      <subfield code="a">297 p. : </subfield>
      <subfield code="b">il. ; </subfield>
      <subfield code="a">xiv, 285 p. : </subfield>
      <subfield code="b">cuadros, gráf. ; </subfield>
      <subfield code="a">316 p. : </subfield>
      <subfield code="b">il. ; </subfield>
      <subfield code="a">439 p. : </subfield>
      <subfield code="a">298 p. : </subfield>
      <subfield code="a">125 p. : </subfield>
      <subfield code="b">il. ; </subfield>
      <subfield code="a">190 p. : </subfield>
      <subfield code="a">99 p. : </subfield>
      <subfield code="a">131 p. : </subfield>
      <subfield code="a">157 p. : </subfield>
      <subfield code="b">il. ; </subfield>
      <subfield code="a">118 p. : </subfield>
      <subfield code="b">il. ; </subfield>
      <subfield code="a">230 p. : </subfield>
      <subfield code="b">il. ; </subfield>
      <subfield code="a">163 p. : </subfield>
      <subfield code="a">168 p. : </subfield>
      <subfield code="b">il. ; </subfield>
      <subfield code="a">312 p. : </subfield>
      <subfield code="a">106 p. : </subfield>
      <subfield code="a">82 : </subfield>
      <subfield code="b">il. ; </subfield>
      <subfield code="a">158 p. : </subfield>
      <subfield code="b">il. ; </subfield>
      <subfield code="a">160 p. : </subfield>
      <subfield code="a">112 p. : </subfield>
      <subfield code="b">il. ; </subfield>
      <subfield code="a">106 p. : </subfield>
      <subfield code="a">106 p. : </subfield>
      <subfield code="a">88 p. : </subfield>
      <subfield code="a">xxiv, 72 p. : </subfield>
      <subfield code="b">il. ; </subfield>
      <subfield code="a">321 p. : </subfield>
      <subfield code="a">58 p. : </subfield>
      <subfield code="b">cuadros ; </subfield>
      <subfield code="a">[271] p. en varias paginaciones : </subfield>
      <subfield code="b">cuadros ; </subfield>
      <subfield code="a">365 p. : </subfield>
      <subfield code="b">il. ; </subfield>
      <subfield code="a">399 p. : </subfield>
      <subfield code="b">il. ; </subfield>
      <subfield code="a">101 p. : </subfield>
      <subfield code="a">xxxix, 705 p. : </subfield>
      <subfield code="a">124 p. : </subfield>
      <subfield code="b">cuadros ; </subfield>
      <subfield code="a">110 p. : </subfield>
      <subfield code="b">cuadros ; </subfield>
      <subfield code="a">234 p. : </subfield>
      <subfield code="a">234 p. : </subfield>
      <subfield code="a">82 p. : </subfield>
      <subfield code="b">il. ; </subfield>
      <subfield code="a">80 p. : </subfield>
      <subfield code="b">cuadros ; </subfield>
      <subfield code="a">211, [22] p. : </subfield>
      <subfield code="a">147 p. : </subfield>
      <subfield code="a">117 p. : </subfield>
      <subfield code="a">116 p. : </subfield>
      <subfield code="a">448 p. : </subfield>
      <subfield code="a">235 p. : </subfield>
      <subfield code="a">117 p. : </subfield>
      <subfield code="a">194 p. : </subfield>
      <subfield code="a">275 p. : </subfield>
      <subfield code="a">159 p. : </subfield>
      <subfield code="a">159 p. : </subfield>
      <subfield code="a">288 p. : </subfield>
      <subfield code="a">285 p. : </subfield>
      <subfield code="a">xxiv, 560 p. : </subfield>
      <subfield code="b">il. ; </subfield>
      <subfield code="a">285 p. : </subfield>
      <subfield code="b">il. ; </subfield>
      <subfield code="a">104 p. : </subfield>
      <subfield code="a">74 p. : </subfield>
      <subfield code="a">156 p. : </subfield>
      <subfield code="a">278 p. : </subfield>
      <subfield code="a">286 p. : </subfield>
      <subfield code="a">107 p. : </subfield>
      <subfield code="a">90 p. : </subfield>
      <subfield code="a">84 p. : </subfield>
      <subfield code="a">250 p. : </subfield>
      <subfield code="a">65 p. : </subfield>
      <subfield code="a">106 p. : </subfield>
      <subfield code="a">123 p. : </subfield>
      <subfield code="a">147 p. : </subfield>
      <subfield code="a">275 p. : </subfield>
      <subfield code="a">120 p. : </subfield>
      <subfield code="a">158 p. : </subfield>
      <subfield code="a">242 p. : </subfield>
      <subfield code="b">il. ; </subfield>
      <subfield code="a">v. : </subfield>
      <subfield code="b">il. ; </subfield>
      <subfield code="a">156 p. : </subfield>
      <subfield code="a">149 p. : </subfield>
      <subfield code="a">172 p. : </subfield>
      <subfield code="a">180 p. : </subfield>
      <subfield code="a">166 p. : </subfield>
      <subfield code="a">115 p. : </subfield>
      <subfield code="a">152 p. : </subfield>
      <subfield code="a">446 p. : </subfield>
      <subfield code="a">233 p. : </subfield>
      <subfield code="a">315 p. : </subfield>
      <subfield code="a">180 p. : </subfield>
      <subfield code="a">354 p. : </subfield>
      <subfield code="a">viii, 239 p. : </subfield>
      <subfield code="a">352 p. : </subfield>
      <subfield code="a">133 p. : </subfield>
      <subfield code="b">il. ; </subfield>
      <subfield code="a">125 p. : </subfield>
      <subfield code="b">il. ; </subfield>
      <subfield code="a">126 p. : </subfield>
      <subfield code="a">132 p. : </subfield>
      <subfield code="b">il. ; </subfield>
      <subfield code="a">202 p. : </subfield>
      <subfield code="a">166 p. : </subfield>
      <subfield code="a">261 p. : </subfield>
      <subfield code="a">318 p. : </subfield>
      <subfield code="a">218 p. : </subfield>
      <subfield code="a">107 p. : </subfield>
      <subfield code="a">154 p. : </subfield>
      <subfield code="a">137 p. : </subfield>
      <subfield code="a">143 p. : </subfield>
      <subfield code="a">207 p. : </subfield>
      <subfield code="a">248  p. : </subfield>
      <subfield code="a">147 p. : </subfield>
      <subfield code="a">99 p. : </subfield>
      <subfield code="a">109 p. : </subfield>
      <subfield code="a">141 p. : </subfield>
      <subfield code="a">212 p. : </subfield>
      <subfield code="a">145 p. : </subfield>
      <subfield code="a">203 p. : </subfield>
      <subfield code="a">139 p. : </subfield>
      <subfield code="a">159 p. : </subfield>
      <subfield code="a">140 p. : </subfield>
      <subfield code="a">188 p. : </subfield>
      <subfield code="a">126 p. : </subfield>
      <subfield code="a">126 p. : </subfield>
      <subfield code="a">584 p. : </subfield>
      <subfield code="a">126 p. : </subfield>
      <subfield code="a">107 p. : </subfield>
      <subfield code="a">116 p. : </subfield>
      <subfield code="a">238 p. : </subfield>
      <subfield code="b">il. ; </subfield>
      <subfield code="a">148 p. : </subfield>
      <subfield code="a">266 p. : </subfield>
      <subfield code="a">131 p. : </subfield>
      <subfield code="a">197 p. : </subfield>
      <subfield code="a">174 p. : </subfield>
      <subfield code="a">98 p. : </subfield>
      <subfield code="a">213 p. : </subfield>
      <subfield code="a">300  p. : </subfield>
      <subfield code="b">il. ; </subfield>
      <subfield code="a">109 p. : </subfield>
      <subfield code="a">99 p. : </subfield>
      <subfield code="a">74 p. : </subfield>
      <subfield code="a">212 p. : </subfield>
      <subfield code="a">123 p. : </subfield>
      <subfield code="a">159 p. : </subfield>
      <subfield code="a">220 p. : </subfield>
      <subfield code="a">220 p. : </subfield>
      <subfield code="a">236 p. : </subfield>
      <subfield code="a">71 p. : </subfield>
      <subfield code="a">273 p. : </subfield>
      <subfield code="a">167 p. : </subfield>
      <subfield code="b">il. ; </subfield>
      <subfield code="a">109  p. : </subfield>
      <subfield code="a">205 p. : </subfield>
      <subfield code="a">265 p. : </subfield>
      <subfield code="b">cuadros ; </subfield>
      <subfield code="a">293 p. : </subfield>
      <subfield code="a">2 v. : </subfield>
      <subfield code="a">308 p. : </subfield>
      <subfield code="a">189 p. : </subfield>
      <subfield code="b">il. ; </subfield>
      <subfield code="a">309 p. : </subfield>
      <subfield code="b">fot. ; </subfield>
      <subfield code="a">196 p. : </subfield>
      <subfield code="a">262 p. : </subfield>
      <subfield code="b">il. ; </subfield>
      <subfield code="a">316 p. : </subfield>
      <subfield code="a">330 p. : </subfield>
      <subfield code="a">xxxii, 730 p. : </subfield>
      <subfield code="b">il. ; </subfield>
      <subfield code="a">xxviii, 644 p. : </subfield>
      <subfield code="b">il. ; </subfield>
      <subfield code="a">xxiv, 806 p. : </subfield>
      <subfield code="b">il. ; </subfield>
      <subfield code="a">148 p. : </subfield>
      <subfield code="a">188 p. : </subfield>
      <subfield code="a">xxvi, 114 p. : </subfield>
      <subfield code="a">610 p. : </subfield>
      <subfield code="b">tablas ; </subfield>
      <subfield code="e">1 folleto (45 p.)</subfield>
    </datafield>
    <datafield tag="500" ind1=" " ind2=" ">
      <subfield code="a">El año de reimpresión varía según el ejemplar</subfield>
    </datafield>
    <datafield tag="500" ind1=" " ind2=" ">
      <subfield code="a">Contenido del folleto: Tablas estadísticas: usuales en estadística y muestreo</subfield>
    </datafield>
    <datafield tag="650" ind1=" " ind2=" ">
      <subfield code="a"> INVESTIGACION SOCIAL</subfield>
    </datafield>
    <datafield tag="650" ind1=" " ind2=" ">
      <subfield code="a"> METODOS DE INVESTIGACION</subfield>
    </datafield>
    <datafield tag="650" ind1=" " ind2=" ">
      <subfield code="a"> CIENCIAS SOCIALES</subfield>
    </datafield>
    <datafield tag="650" ind1=" " ind2=" ">
      <subfield code="a"> METODOS ESTADISTICOS</subfield>
    </datafield>
    <datafield tag="942" ind1=" " ind2=" ">
      <subfield code="c">BK</subfield>
    </datafield>
    <datafield tag="952" ind1=" " ind2=" ">
      <subfield code="a">BIB_RECT</subfield>
      <subfield code="b">BIB_UASJ</subfield>
      <subfield code="d">2012-06-08</subfield>
      <subfield code="y">BK</subfield>
      <subfield code="p">04-00119</subfield>
      <subfield code="i">04-00119</subfield>
      <subfield code="g">69</subfield>
      <subfield code="o">519.2 B637e2</subfield>
      <subfield code="e">Migración UASJ</subfield>
      <subfield code="8">CG</subfield>
    </datafield>
    <datafield tag="952" ind1=" " ind2=" ">
      <subfield code="a">BIB_RECT</subfield>
      <subfield code="b">BIB_UASJ</subfield>
      <subfield code="d">2008-07-29</subfield>
      <subfield code="y">BK</subfield>
      <subfield code="p">04-36153</subfield>
      <subfield code="i">04-36153</subfield>
      <subfield code="g">20</subfield>
      <subfield code="o">519.2 B637e2</subfield>
      <subfield code="e">México</subfield>
      <subfield code="8">CG</subfield>
    </datafield>
  </record>