
  <record>
    <leader>01000aam  22002601a 4500</leader>
    <controlfield tag="001">YPZ89221</controlfield>
    <controlfield tag="003">YPZ</controlfield>
    <controlfield tag="005">200807081537200</controlfield>
    <controlfield tag="008">080708|###########||||||b||||||||||spa|d</controlfield>
    <datafield tag="020" ind1=" " ind2=" ">
      <subfield code="a">9686959661</subfield>
    </datafield>
    <datafield tag="040" ind1=" " ind2=" ">
      <subfield code="c">SIUNPA</subfield>
    </datafield>
    <datafield tag="041" ind1=" " ind2=" ">
      <subfield code="a">spa</subfield>
    </datafield>
    <datafield tag="044" ind1=" " ind2=" ">
      <subfield code="a">MX</subfield>
    </datafield>
    <datafield tag="080" ind1=" " ind2=" ">
      <subfield code="a">821.134.2(72) V287c</subfield>
    </datafield>
    <datafield tag="100" ind1=" " ind2=" ">
      <subfield code="a">Vara, Armida de la.</subfield>
    </datafield>
    <datafield tag="245" ind1=" " ind2=" ">
      <subfield code="a">De lo cotidiano</subfield>
      <subfield code="c"> / Revueltas, Eugenia, presentación</subfield>
    </datafield>
    <datafield tag="260" ind1=" " ind2=" ">
      <subfield code="a">México, D.F.</subfield>
      <subfield code="b"> : El Colegio de Michoacán</subfield>
      <subfield code="b"> : Guía Semanario Regional Independiente</subfield>
      <subfield code="c"> , 1997</subfield>
    </datafield>
    <datafield tag="650" ind1=" " ind2=" ">
      <subfield code="a"> LITERATURA MEXICANA</subfield>
    </datafield>
    <datafield tag="942" ind1=" " ind2=" ">
      <subfield code="c">BK</subfield>
    </datafield>
    <datafield tag="952" ind1=" " ind2=" ">
      <subfield code="a">BIB_RECT</subfield>
      <subfield code="b">BIB_UASJ</subfield>
      <subfield code="d">2008-07-29</subfield>
      <subfield code="y">BK</subfield>
      <subfield code="p">04-36210</subfield>
      <subfield code="i">04-36210</subfield>
      <subfield code="g">30</subfield>
      <subfield code="o">821.134.2(72) V287c</subfield>
      <subfield code="e">México</subfield>
      <subfield code="8">CG</subfield>
    </datafield>
  </record>