
  <record>
    <leader>01000aam  22002601a 4500</leader>
    <controlfield tag="001">YPZ89249</controlfield>
    <controlfield tag="003">YPZ</controlfield>
    <controlfield tag="005">200807301212370</controlfield>
    <controlfield tag="008">080730|###########||||||b||||||||||spa|d</controlfield>
    <datafield tag="040" ind1=" " ind2=" ">
      <subfield code="c">SIUNPA</subfield>
    </datafield>
    <datafield tag="041" ind1=" " ind2=" ">
      <subfield code="a">eng</subfield>
    </datafield>
    <datafield tag="044" ind1=" " ind2=" ">
      <subfield code="a">CH</subfield>
    </datafield>
    <datafield tag="080" ind1=" " ind2=" ">
      <subfield code="a">330.33 H114p3</subfield>
    </datafield>
    <datafield tag="100" ind1=" " ind2=" ">
      <subfield code="a">Haberler, Gottfried.</subfield>
    </datafield>
    <datafield tag="245" ind1=" " ind2=" ">
      <subfield code="a">Prosperity and depression</subfield>
      <subfield code="b"> : a theoretical analysis of cyclical movements</subfield>
    </datafield>
    <datafield tag="250" ind1=" " ind2=" ">
      <subfield code="a">3d ed. enlarged by part III</subfield>
    </datafield>
    <datafield tag="260" ind1=" " ind2=" ">
      <subfield code="a">Ginebra</subfield>
      <subfield code="b"> : League of Nations</subfield>
      <subfield code="c"> , 1943</subfield>
    </datafield>
    <datafield tag="440" ind1=" " ind2=" ">
      <subfield code="a">Contrapuntos</subfield>
      <subfield code="a">Cátedra Jaime Torres Bodet</subfield>
      <subfield code="a">Colección jornadas</subfield>
      <subfield code="a">Series League of Nations publications. II, Economic and financial</subfield>
      <subfield code="v">A 2</subfield>
    </datafield>
    <datafield tag="490" ind1=" " ind2=" ">
      <subfield code="a">Contrapuntos</subfield>
      <subfield code="a">Cátedra Jaime Torres Bodet</subfield>
      <subfield code="a">Colección jornadas</subfield>
      <subfield code="a">Series League of Nations publications. II, Economic and financial</subfield>
      <subfield code="v">A 2</subfield>
    </datafield>
    <datafield tag="650" ind1=" " ind2=" ">
      <subfield code="a"> CICLOS ECONOMICOS</subfield>
    </datafield>
    <datafield tag="650" ind1=" " ind2=" ">
      <subfield code="a"> TEORIA ECONOMICA</subfield>
    </datafield>
    <datafield tag="942" ind1=" " ind2=" ">
      <subfield code="c">BK</subfield>
    </datafield>
    <datafield tag="952" ind1=" " ind2=" ">
      <subfield code="a">BIB_RECT</subfield>
      <subfield code="b">BIB_UASJ</subfield>
      <subfield code="d">2008-07-29</subfield>
      <subfield code="y">BK</subfield>
      <subfield code="p">04-36222</subfield>
      <subfield code="i">04-36222</subfield>
      <subfield code="g">59</subfield>
      <subfield code="o">330.33 H114p3</subfield>
      <subfield code="e">Donación México</subfield>
      <subfield code="8">CG</subfield>
    </datafield>
  </record>