
  <record>
    <leader>01000aam  22002601a 4500</leader>
    <controlfield tag="001">YPZ89261</controlfield>
    <controlfield tag="003">YPZ</controlfield>
    <controlfield tag="005">200807301723510</controlfield>
    <controlfield tag="008">080730|###########||||||b||||||||||spa|d</controlfield>
    <datafield tag="020" ind1=" " ind2=" ">
      <subfield code="a">9507864776</subfield>
    </datafield>
    <datafield tag="040" ind1=" " ind2=" ">
      <subfield code="c">SIUNPA</subfield>
    </datafield>
    <datafield tag="041" ind1=" " ind2=" ">
      <subfield code="a">spa</subfield>
    </datafield>
    <datafield tag="044" ind1=" " ind2=" ">
      <subfield code="a">AR</subfield>
    </datafield>
    <datafield tag="080" ind1=" " ind2=" ">
      <subfield code="a">316.77 M298s</subfield>
    </datafield>
    <datafield tag="100" ind1=" " ind2=" ">
      <subfield code="a">Marafioti, Roberto.</subfield>
    </datafield>
    <datafield tag="245" ind1=" " ind2=" ">
      <subfield code="a">Sentidos de la comunicación</subfield>
      <subfield code="b"> : teorías y perspectivas sobre cultura y comunicación</subfield>
    </datafield>
    <datafield tag="260" ind1=" " ind2=" ">
      <subfield code="a">Buenos Aires</subfield>
      <subfield code="b"> : Biblos</subfield>
      <subfield code="c"> , 2005</subfield>
    </datafield>
    <datafield tag="650" ind1=" " ind2=" ">
      <subfield code="a"> SOCIOLOGIA DE LA COMUNICACION</subfield>
    </datafield>
    <datafield tag="650" ind1=" " ind2=" ">
      <subfield code="a"> CULTURA DE MASAS</subfield>
    </datafield>
    <datafield tag="650" ind1=" " ind2=" ">
      <subfield code="a"> SOCIEDAD DE INFORMACION</subfield>
    </datafield>
    <datafield tag="650" ind1=" " ind2=" ">
      <subfield code="a"> MEDIOS DE COMUNICACION</subfield>
    </datafield>
    <datafield tag="942" ind1=" " ind2=" ">
      <subfield code="c">BK</subfield>
    </datafield>
    <datafield tag="952" ind1=" " ind2=" ">
      <subfield code="a">BIB_RECT</subfield>
      <subfield code="b">BIB_UARG</subfield>
      <subfield code="d">2008-07-30</subfield>
      <subfield code="y">BK</subfield>
      <subfield code="p">05-36245</subfield>
      <subfield code="i">05-36245</subfield>
      <subfield code="g">42</subfield>
      <subfield code="o">316.77 M298s</subfield>
      <subfield code="e">PROSOC</subfield>
      <subfield code="8">CG</subfield>
    </datafield>
  </record>