
  <record>
    <leader>01000aam  22002601a 4500</leader>
    <controlfield tag="001">YPZ89266</controlfield>
    <controlfield tag="003">YPZ</controlfield>
    <controlfield tag="005">200807311124280</controlfield>
    <controlfield tag="008">080731|###########||||||b||||||||||spa|d</controlfield>
    <datafield tag="020" ind1=" " ind2=" ">
      <subfield code="a">8423992004 (o.c.)</subfield>
    </datafield>
    <datafield tag="020" ind1=" " ind2=" ">
      <subfield code="a">8423992012 (t.1)</subfield>
    </datafield>
    <datafield tag="020" ind1=" " ind2=" ">
      <subfield code="a">8423992020 (t.2)</subfield>
    </datafield>
    <datafield tag="040" ind1=" " ind2=" ">
      <subfield code="c">SIUNPA</subfield>
    </datafield>
    <datafield tag="041" ind1=" " ind2=" ">
      <subfield code="a">spa</subfield>
    </datafield>
    <datafield tag="044" ind1=" " ind2=" ">
      <subfield code="a">ES</subfield>
    </datafield>
    <datafield tag="080" ind1=" " ind2=" ">
      <subfield code="a">R(038)=134.2 R288d21</subfield>
    </datafield>
    <datafield tag="110" ind1=" " ind2=" ">
      <subfield code="a">Real Academia Española.</subfield>
    </datafield>
    <datafield tag="245" ind1=" " ind2=" ">
      <subfield code="a">Diccionario de la lengua española</subfield>
    </datafield>
    <datafield tag="250" ind1=" " ind2=" ">
      <subfield code="a">21a ed.</subfield>
    </datafield>
    <datafield tag="260" ind1=" " ind2=" ">
      <subfield code="a">Madrid</subfield>
      <subfield code="b"> : Espasa Calpe</subfield>
      <subfield code="c"> , c1992</subfield>
    </datafield>
    <datafield tag="650" ind1=" " ind2=" ">
      <subfield code="a"> LENGUA ESPAÑOLA</subfield>
    </datafield>
    <datafield tag="650" ind1=" " ind2=" ">
      <subfield code="a"> DICCIONARIO</subfield>
    </datafield>
    <datafield tag="942" ind1=" " ind2=" ">
      <subfield code="c">BK</subfield>
    </datafield>
    <datafield tag="952" ind1=" " ind2=" ">
      <subfield code="a">BIB_RECT</subfield>
      <subfield code="b">BIB_UACO</subfield>
      <subfield code="d">2008-07-31</subfield>
      <subfield code="y">BK</subfield>
      <subfield code="p">02-03064</subfield>
      <subfield code="i">02-03064</subfield>
      <subfield code="g">50</subfield>
      <subfield code="o">R(038)=134.2 R288d21</subfield>
      <subfield code="e">Decanato UACO</subfield>
      <subfield code="8">CR</subfield>
    </datafield>
    <datafield tag="952" ind1=" " ind2=" ">
      <subfield code="a">BIB_RECT</subfield>
      <subfield code="b">BIB_UACO</subfield>
      <subfield code="d">2008-07-31</subfield>
      <subfield code="y">BK</subfield>
      <subfield code="p">02-03065</subfield>
      <subfield code="i">02-03065</subfield>
      <subfield code="g">50</subfield>
      <subfield code="o">R(038)=134.2 R288d21</subfield>
      <subfield code="e">Decanato UACO</subfield>
      <subfield code="8">CR</subfield>
    </datafield>
    <datafield tag="952" ind1=" " ind2=" ">
      <subfield code="a">BIB_RECT</subfield>
      <subfield code="b">BIB_UARG</subfield>
      <subfield code="d">2008-07-31</subfield>
      <subfield code="y">BK</subfield>
      <subfield code="p">05-10175</subfield>
      <subfield code="i">05-10175</subfield>
      <subfield code="g">50</subfield>
      <subfield code="o">R(038)=134.2 R288d21</subfield>
      <subfield code="e">FOMEC 578/97</subfield>
      <subfield code="8">CR</subfield>
    </datafield>
    <datafield tag="952" ind1=" " ind2=" ">
      <subfield code="a">BIB_RECT</subfield>
      <subfield code="b">BIB_UARG</subfield>
      <subfield code="d">2008-07-31</subfield>
      <subfield code="y">BK</subfield>
      <subfield code="p">05-10176</subfield>
      <subfield code="i">05-10176</subfield>
      <subfield code="g">50</subfield>
      <subfield code="o">R(038)=134.2 R288d21</subfield>
      <subfield code="e">FOMEC 578</subfield>
      <subfield code="8">CR</subfield>
    </datafield>
    <datafield tag="952" ind1=" " ind2=" ">
      <subfield code="a">BIB_RECT</subfield>
      <subfield code="b">BIB_UARG</subfield>
      <subfield code="d">2008-07-31</subfield>
      <subfield code="y">BK</subfield>
      <subfield code="p">05-14881</subfield>
      <subfield code="i">05-14881</subfield>
      <subfield code="g">50</subfield>
      <subfield code="o">R(038)=134.2 R288d21</subfield>
      <subfield code="e">FOMEC 585</subfield>
      <subfield code="8">CR</subfield>
    </datafield>
    <datafield tag="952" ind1=" " ind2=" ">
      <subfield code="a">BIB_RECT</subfield>
      <subfield code="b">BIB_UARG</subfield>
      <subfield code="d">2008-07-31</subfield>
      <subfield code="y">BK</subfield>
      <subfield code="p">05-14882</subfield>
      <subfield code="i">05-14882</subfield>
      <subfield code="g">50</subfield>
      <subfield code="o">R(038)=134.2 R288d21</subfield>
      <subfield code="e">FOMEC 585</subfield>
      <subfield code="8">CR</subfield>
    </datafield>
    <datafield tag="952" ind1=" " ind2=" ">
      <subfield code="a">BIB_RECT</subfield>
      <subfield code="b">BIB_UARG</subfield>
      <subfield code="d">2008-07-31</subfield>
      <subfield code="y">BK</subfield>
      <subfield code="p">05-14883</subfield>
      <subfield code="i">05-14883</subfield>
      <subfield code="g">50</subfield>
      <subfield code="o">R(038)=134.2 R288d21</subfield>
      <subfield code="e">FOMEC 585</subfield>
      <subfield code="8">CR</subfield>
    </datafield>
    <datafield tag="952" ind1=" " ind2=" ">
      <subfield code="a">BIB_RECT</subfield>
      <subfield code="b">BIB_UARG</subfield>
      <subfield code="d">2008-07-31</subfield>
      <subfield code="y">BK</subfield>
      <subfield code="p">05-14884</subfield>
      <subfield code="i">05-14884</subfield>
      <subfield code="g">50</subfield>
      <subfield code="o">R(038)=134.2 R288d21</subfield>
      <subfield code="e">FOMEC 585</subfield>
      <subfield code="8">CR</subfield>
    </datafield>
  </record>